2638 3866
991 214 1336 265 THEOLOGIA
1374 217 1742 268 CHRISTIANA.
2356 224 2449 271 513

295 330 409 362 cum
440 313 571 362 idem
598 313 658 361 sit
680 314 882 362 materia
904 314 1037 378 quod
1061 317 1388 379 materiatum,
1414 319 1542 379 sicut
1560 318 1692 367 idem
1719 329 1788 367 est
1811 318 1988 367 animal
2009 318 2144 385 quod
2165 318 2344 382 homo;
2376 322 2449 371 vel

293 394 389 442 hoc
422 411 485 443 aes
523 394 658 460 quod
687 394 789 442 haec
819 404 975 442 statua
1005 413 1015 443 ε
1050 413 1151 443 non
1185 407 1346 446 tamen
1384 400 1544 465 ipsum
1581 399 1883 447 materiatum
1916 410 1987 448 est
2021 401 2220 449 materia
2244 402 2336 462 sui,
2367 414 2451 451 aut

294 475 397 542 ipsa
419 476 616 523 materia
644 485 715 524 est
741 475 989 524 materiata
1011 493 1067 523 ex
1092 494 1160 538 se,
1196 479 1307 526 licet
1339 480 1399 527 sit
1420 479 1518 528 hoc
1543 481 1722 546 ipsum,
1749 480 1885 545 quod
1910 490 1980 528 est
2003 482 2203 530 materia
2227 483 2346 547 ejus,
2372 483 2448 532 vel

294 558 353 604 sit
373 556 470 605 hoc
497 557 659 623 ipsum
689 556 826 622 quod
852 566 922 604 est
954 558 1258 606 materiatum
1287 560 1406 625 ejus,
1434 571 1605 627 utpote
1628 561 1728 609 haec
1760 571 1916 609 statua
1943 571 2015 609 est
2045 562 2141 610 hoc
2166 579 2254 625 aes,
2280 572 2328 612 et
2353 563 2447 613 hoc

294 654 360 686 aes
382 647 453 686 est
477 637 580 686 haec
604 647 777 686 statua.
806 639 888 685 Et¹
912 649 1087 685 sonent
1111 639 1239 688 idem
1268 640 1343 689 hae
1378 659 1519 690 voces
1549 659 1635 708 per
1664 659 1714 690 se
1743 652 1967 707 acceptae,
2000 643 2200 691 materia
2231 653 2279 691 et
2306 643 2353 691 id
2388 662 2447 693 ex

294 735 394 784 quo
417 718 599 784 aliquid
621 718 929 767 materialiter
951 729 1156 782 constat,
1183 722 1260 768 vel
1284 724 1609 786 materiatum,
1638 734 1684 771 et
1713 722 1762 770 id
1782 723 1917 788 quod
1947 739 2005 770 ex
2028 723 2190 788 aliquo
2215 726 2446 775 materia-

291 799 401 848 liter
421 800 677 849 conficitur
696 820 709 863 ;
736 818 838 850 non
861 810 1022 848 tamen
1048 802 1096 849 in
1119 805 1482 852 constructione
1504 804 1565 852 de
1589 804 1765 852 eodem
1787 820 1979 851 necesse
2003 814 2075 852 est
2097 820 2154 852 ea
2175 805 2442 870 praedicari,

292 896 404 928 cum
418 880 520 930 haec
534 899 626 930 vox
643 882 961 931 substantiam
972 883 1248 949 compellet,
1264 885 1346 933 illa
1358 886 1726 952 proprietatem’
1744 903 1754 932 ε
1775 901 1881 950 quae
1900 884 2098 949 quidem
2114 888 2383 950 proprietas
2396 887 2444 934 in

292 960 526 1011 relatione
538 963 772 1021 consistit,
794 963 1003 1011 materiae
1016 964 1197 1013 scilicet
1213 965 1287 1013 vel
1311 966 1544 1014 materiati
1560 984 1569 1012 :
1589 965 1651 1013 de
1667 982 1763 1030 qua
1779 982 1869 1012 nos
1882 964 2079 1030 quidem
2094 965 2447 1031 praedicationis

292 1042 563 1092 differentia
584 1061 730 1111 supra
749 1045 861 1093 satis
881 1044 1159 1093 disseruisse
1183 1046 1411 1095 arbitror.
1439 1048 1611 1111 Magna
1630 1047 1791 1111 itaque
1815 1045 2041 1093 discretio
2075 1045 2358 1094 adhibenda
2377 1056 2447 1094 est

291 1123 341 1171 in
372 1123 448 1172 his
467 1125 888 1174 enunciationibus
917 1143 1023 1191 quae
1055 1126 1117 1174 de
1138 1129 1242 1174 Deo
1272 1127 1425 1188 fiunt;
1448 1144 1555 1193 quae
1585 1126 1808 1175 videlicet
1840 1136 2027 1175 tantum
2058 1126 2122 1174 ad
2147 1126 2445 1176 identitatem

294 1206 526 1267 essentiae,
558 1223 665 1271 quae
684 1207 748 1255 ad
767 1208 1069 1256 identitatem
1088 1225 1285 1274 quoque
1315 1209 1622 1275 proprietatis
1650 1209 1746 1256 sint
1766 1207 2161 1256 accommodatae.
2186 1207 2256 1255 Ad
2273 1207 2447 1256 identi-

291 1294 436 1334 tatem
449 1287 649 1352 quidem
662 1290 876 1336 essentiae
891 1299 1096 1349 tantum,
1111 1307 1211 1337 non
1231 1290 1375 1338 etiam
1386 1290 1708 1356 proprietatis,
1725 1288 1798 1336 hae
1814 1298 2050 1354 spectant,
2066 1292 2206 1336 Pater
2215 1298 2286 1336 est
2297 1291 2443 1347 Deus,

290 1366 434 1415 Filius
456 1378 527 1417 est
542 1372 691 1432 Deus,
719 1370 923 1436 Spiritus
940 1381 1133 1419 sanctus
1150 1381 1221 1419 est
1236 1374 1384 1433 Deus,
1411 1370 1489 1419 vel
1508 1380 1732 1432 aeternus,
1765 1370 1839 1417 vel
1858 1370 2115 1430 Dominus,
2138 1368 2212 1416 vel
2237 1380 2444 1430 creator,

290 1447 367 1496 vel
383 1451 714 1516 omnipotenS,
734 1451 809 1499 vel
826 1452 1094 1499 immensus
1108 1488 1120 1512 ,
1140 1469 1224 1500 seu
1234 1452 1412 1517 justus,
1429 1451 1529 1499 sive
1543 1451 1831 1511 misericors,
1849 1461 1895 1499 et
1908 1450 2009 1498 aliae
2028 1449 2190 1498 multae
2206 1487 2218 1511 ,
2239 1449 2448 1515 ideoque

289 1544 413 1577 verae
444 1540 572 1579 sunt.
607 1535 691 1580 Hae
719 1549 837 1580 vero
871 1532 1292 1592 adnunciationeS,
1326 1536 1464 1581 Pater
1497 1542 1569 1580 est
1598 1531 1742 1579 Filius
1773 1531 1850 1580 vel
1882 1531 2085 1597 Spiritus
2114 1540 2335 1588 sanctus;
2372 1530 2449 1578 vel

290 1611 429 1658 Pater
455 1620 526 1659 est
550 1613 753 1661 Genitus
781 1629 865 1661 seu
887 1614 1181 1675 Procedens,
1206 1613 1269 1662 ad
1295 1613 1596 1661 identitatem
1619 1612 1927 1678 proprietatis
1955 1611 2210 1676 aspiciunt,
2242 1610 2450 1675 ideoque

291 1690 496 1739 omnino
529 1692 655 1741 falsae
681 1703 810 1740 sunt.
844 1692 917 1741 Ibi
952 1694 1132 1759 quippe
1163 1693 1476 1741 solummodo
1510 1692 1862 1741 ostendebatur
1892 1690 2024 1739 idem
2057 1707 2160 1739 esse
2194 1707 2297 1738 rem
2329 1707 2450 1755 prae-

290 1768 437 1819 dicati
459 1781 507 1820 et
537 1773 743 1838 subjecti
766 1774 980 1835 termini,
1004 1775 1156 1822 veluti
1182 1773 1313 1821 idem
1331 1790 1434 1821 esse
1460 1776 1618 1821 Deum
1642 1772 1777 1838 quod
1800 1782 1870 1820 est
1894 1774 2050 1832 Pater,
2082 1781 2175 1819 etc.
2198 1789 2211 1832 3
2231 1770 2312 1818 hic
2334 1787 2450 1819 vero

290 1867 394 1899 rem
416 1852 622 1918 subjecti
648 1855 843 1902 termini
865 1856 1212 1921 proprietatem
1235 1870 1432 1920 quoque
1454 1854 1698 1921 praedicati
1721 1853 1915 1901 termini
1937 1853 2003 1900 sic
2025 1851 2210 1900 habere
2227 1889 2240 1914 ,
2280 1861 2334 1899 ut
2355 1850 2450 1899 hoc

286 1934 345 1981 sit
361 1932 509 1999 hujus
521 1952 741 2002 personae
761 1936 1016 2002 proprium
1037 1936 1174 2001 quod
1191 1936 1336 1997 illius,
1363 1936 1440 1984 vel
1457 1935 1628 1983 eadem
1643 1935 1756 1982 insit
1777 1934 2044 2000 proprietas
2062 1933 2175 1981 huic
2198 1949 2419 1998 personae
2434 1970 2446 1992 ,

290 2031 397 2079 quae
410 2015 478 2063 illi
499 2034 510 2062 :
537 2016 634 2064 hoc
656 2026 727 2064 est
753 2026 808 2064 ut
831 2017 901 2064 sic
923 2017 1053 2065 Patri
1075 2017 1333 2065 conveniat
1356 2017 1486 2081 gigni
1506 2033 1566 2064 ex
1581 2018 1738 2077 Patre,
1763 2015 1859 2062 hoc
1879 2024 1949 2061 est
1971 2031 2027 2061 ex
2044 2014 2223 2078 seipso,
2241 2013 2381 2060 sicuti
2403 2022 2449 2060 et

288 2094 408 2142 Filio
441 2097 668 2161 congruit
695 2097 825 2162 gigni
855 2114 912 2145 ex
945 2097 1052 2163 ipso
1085 2100 1243 2159 Patre,
1279 2097 1413 2162 quod
1449 2097 1652 2144 omnino
1685 2095 1856 2143 falsum
1886 2104 1982 2155 est,
2017 2094 2140 2140 sicut
2172 2092 2448 2157 diligentius

289 2176 601 2225 ostendemus
622 2177 684 2224 de
700 2179 1013 2241 generatione
1032 2177 1348 2243 postmodum
1365 2177 1670 2224 disserentes.
1692 2179 1754 2223 Ut
1775 2176 1938 2240 itaque
1954 2179 2091 2240 juxta
2111 2172 2444 2231 Athanasium,

286 2271 447 2320 neque
484 2257 843 2305 confundamus
876 2274 1129 2324 personas,
1167 2258 1264 2306 hoc
1298 2268 1370 2305 est
1407 2257 1782 2323 permisceamus
1819 2271 1917 2318 eas,
1950 2254 2149 2302 alteram
2182 2253 2362 2301 scilicet
2395 2253 2446 2299 in

285 2338 579 2402 proprietate
611 2337 824 2400 alterius,
864 2355 1023 2403 neque
1055 2356 1336 2405 separemus
1370 2339 1605 2386 unitatem
1638 2336 1939 2397 substantiae,
1974 2343 2167 2401 oportet
2183 2333 2448 2398 :diligenter

285 2418 386 2465 vim
420 2419 717 2484 singularum
748 2421 1140 2469 enuntiationum
1169 2420 1494 2485 distinguere3
1523 2435 1629 2484 quae
1655 2417 1880 2466 videlicet
1908 2416 1971 2465 ad
1999 2415 2302 2464 identitatem
2330 2413 2445 2461 sub-

285 2501 499 2560 stantiae,
531 2517 638 2565 quae
671 2500 734 2549 ad
768 2501 1031 2550 identitatis
1062 2501 1410 2568 proprietatem
1447 2501 1543 2548 sint
1579 2498 1975 2548 accommodatae.

352 2581 633 2629 Notandum
666 2598 891 2647 quoque,
926 2600 1040 2630 cum
1070 2584 1122 2630 in
1158 2582 1483 2648 descriptione
1515 2581 1702 2628 Summi
1736 2579 1857 2627 Boni
1890 2575 2107 2644 potentia
2136 2576 2238 2639 ejus
2277 2589 2333 2621 ac
2370 2589 2444 2621 sa-

285 2660 467 2725 pientia
488 2679 570 2709 seu
594 2662 889 2727 benignitas,
925 2673 981 2710 ut
1011 2680 1160 2728 supra
1184 2663 1354 2727 saepius
1380 2662 1664 2722 docuimus,
1704 2666 2177 2715 commemorantum
2214 2654 2326 2701 ideo
2358 2653 2445 2701 ista

286 2739 483 2789 relative
508 2742 657 2806 magis
689 2759 838 2807 quam
867 2744 1146 2809 simpliciter
1171 2742 1420 2806 assignari,
1455 2758 1568 2788 cum
1599 2740 1823 2788 videlicet
1850 2741 1980 2786 Deus
2012 2740 2166 2794 Pater,
2206 2734 2367 2790 Filius,
2396 2742 2444 2781 et

288 2821 491 2886 Spiritus
525 2832 735 2883 sanctuS‚
770 2833 824 2870 ut
856 2824 1012 2888 major
1049 2824 1242 2871 unionis
1277 2832 1326 2870 et
1350 2821 1624 2870 concordiae
1656 2821 1705 2867 in
1739 2820 1843 2885 ipsa
1871 2833 2188 2884 personarum
2217 2814 2443 2861 Trinitate

285 2901 648 2950 commendatio
670 2902 779 2962 flat,
806 2920 919 2950 cum
943 2920 1022 2952 eas
1053 2904 1121 2951 sic
1139 2903 1349 2950 invicem
1382 2918 1434 2949 se
1457 2900 1690 2948 habentes
1714 2909 1763 2947 et
1783 2899 1875 2947 sibi
1896 2897 2180 2946 aeternaliter
2202 2909 2445 2943 connexas

285 2981 600 3046 assignamus,
628 2993 680 3030 ut
709 2983 853 3031 aliam
886 2999 1147 3049 personam
1182 2999 1238 3030 ex
1273 2983 1364 3031 alia
1400 2982 1548 3046 gigni,
1585 2980 1729 3028 aliam
1755 2997 1813 3027 ex
1843 2978 1920 3026 bis
1952 2977 2142 3026 duabus
2176 2974 2441 3042 procedere

282 3061 621 3125 confiteamur,
645 3063 743 3112 hoc
764 3073 835 3112 est
855 3063 1000 3112 aliam
1022 3081 1080 3112 ex
1103 3063 1213 3122 alia,
1240 3063 1317 3111 vel
1341 3079 1401 3111 ex
1422 3063 1516 3111 illis
1536 3079 1657 3111 esse.

351 3146 560 3210 Apparet
594 3154 756 3195 autem
779 3161 837 3193 ex
859 3144 934 3192 his
956 3161 1064 3210 quae
1092 3143 1222 3192 dicta
1250 3153 1362 3192 sunt
1385 3143 1448 3192 de
1478 3143 1768 3192 discretione
1803 3140 1982 3189 scilicet
2016 3136 2436 3191 enunciationum‚

329 3324 337 3342 ¹
356 3321 415 3355 Hic
432 3332 495 3356 vox
509 3323 586 3357 licet
602 3324 788 3366 supplenda
804 3333 875 3358 esse
890 3324 1030 3358 videtur.
1049 3341 1088 3348 -
1105 3324 1116 3343 ²
1127 3323 1164 3356 In
1182 3325 1279 3357 editis
1294 3322 1437 3366 complet
1452 3321 1519 3356 illa
1533 3321 1760 3365 proprietate.
2226 3375 2277 3412 65

450 3397 479 3420 11
