2638 3866
1134 221 1447 270 DlALOGUS.
2268 224 2354 274 674

276 318 464 364 Pinnos.
491 319 589 364 Nec
613 332 785 365 eorum
810 320 1082 367 auctoritati
1106 321 1171 369 ita
1196 322 1537 385 concedimus,
1567 333 1620 371 ut
1653 323 1781 372 dicta
1803 325 2022 390 ipsorum
2050 326 2237 373 ratione
2263 342 2363 373 non

211 396 548 459 discutiamus,
575 406 834 462 antequam
858 400 1203 464 approbemus.
1241 403 1462 468 Alioquin
1487 403 1824 470 philosophari
1846 404 2202 465 desisteremus,
2230 405 2269 452 si
2293 406 2366 452 vi-

212 475 384 525 delicet
434 477 678 525 rationum
716 477 1027 541 inquisitione
1073 483 1337 547 postposita
1356 519 1370 542 ‚
1419 484 1540 532 locis
1575 485 1873 532 auctoritatis
1918 485 2002 550 qui
2046 484 2366 534 inartificiales

213 555 505 617 indicantur,
549 566 597 605 et
630 574 659 605 a
691 574 742 605 re
777 558 881 623 ipsa
914 560 1118 608 omnino
1150 562 1377 626 disjuncti
1412 574 1546 626 sunt,
1585 565 1635 612 in
1669 566 1900 631 opinione
1935 566 2096 631 potius
2128 582 2276 631 quam
2316 567 2363 614 in

212 638 409 686 veritate
439 638 771 701 consistentes,
813 639 1078 704 plurimum
1110 651 1380 704 uteremur;
1414 661 1505 693 nec
1534 645 1664 711 ipsos
1694 646 1900 710 majores
1934 655 2126 694 nostros
2154 646 2216 695 ad
2252 646 2365 695 fidei

213 727 379 765 vestrae
412 718 766 767 confessionem
800 729 899 768 tam
935 721 1123 770 ratione
1157 722 1330 771 ductos
1364 741 1509 789 quam
1539 726 1586 772 vi
1618 725 1769 773 victos
1803 726 2126 787 crederemus,
2165 728 2286 775 sicut
2320 737 2366 775 et

212 808 379 846 vestrae
410 800 721 847 consentiunt
754 800 979 849 historiae.
1010 805 1131 851 Ante
1154 803 1503 868 imperatorum
1530 806 1711 871 quippe
1736 805 1812 853 vel
1837 806 2110 872 principum
2133 807 2195 855 ad
2219 806 2366 855 fidem

213 888 421 927 vestram
457 896 544 945 per
580 880 837 942 miracula,
869 893 920 930 ut
954 882 1134 944 dicitis,
1171 885 1558 948 conversionem,
1597 902 1778 951 paucos
1807 887 2080 951 sapientum
2102 886 2176 935 vel
2209 888 2367 935 nullos

217 969 367 1008 vestra
401 960 673 1026 purificatio
699 963 977 1028 acquisivit,
1012 965 1234 1030 quamvis
1257 974 1360 1012 tum
1390 965 1524 1014 facile
1548 983 1574 1015 a
1600 967 1939 1032 patentissimis
1966 966 2198 1016 idolatriae
2235 985 2367 1016 erro-

214 1039 347 1088 ribus
370 1050 534 1104 gentes
558 1053 756 1108 possent
777 1044 915 1092 evelli
939 1054 985 1092 et
1008 1045 1058 1092 in
1089 1037 1430 1110 quemcunque
1455 1048 1595 1094 unius
1617 1048 1705 1095 Dei
1729 1048 1912 1095 cultum
1936 1048 2197 1119 transferri.
2231 1048 2368 1097 Unde

215 1131 263 1169 et
296 1122 497 1187 provide
529 1122 706 1171 Paulus
738 1134 893 1172 vester
929 1126 1216 1174 invectionis
1249 1143 1345 1174 suae
1378 1127 1426 1174 in
1464 1127 1774 1176 Athenienses
1802 1129 2107 1177 occasionem
2143 1146 2363 1188 sumens,

215 1202 283 1250 sic
304 1219 502 1251 exorsus
522 1203 604 1251 ait¹
623 1222 633 1250 ε
656 1224 678 1249 «
701 1205 802 1252 Viri
819 1206 1142 1268 athenienses,
1161 1223 1247 1272 per
1261 1207 1428 1256 omnia
1448 1224 1536 1255 vos
1558 1209 1911 1274 superstitiosos
1931 1225 2032 1256 esse
2051 1208 2213 1268 video,
2231 1220 2322 1257 etc.
2342 1230 2366 1254 »

215 1285 321 1331 Jam
355 1272 471 1331 tunc
496 1284 624 1331 enim
658 1285 774 1350 legis
802 1286 1031 1334 naturalis
1065 1296 1113 1335 et
1145 1286 1295 1334 divini
1323 1289 1480 1337 cultus
1505 1289 1701 1336 scientia
1724 1299 2010 1350 evanuerat,
2036 1299 2083 1337 et
2107 1291 2370 1337 errantium

216 1363 478 1412 multitudo
515 1367 806 1431 paucitatem
839 1368 1112 1433 sapientum
1147 1369 1350 1416 omnino
1382 1369 1627 1418 deleverat
1668 1369 1744 1417 vel
1784 1379 2109 1435 oppresserat,
2141 1381 2285 1437 atque
2318 1382 2373 1419 ut

216 1462 274 1493 ex
302 1455 468 1494 nostra
495 1446 755 1511 loquamur
773 1449 1083 1511 conscientia,
1112 1458 1160 1497 et
1181 1449 1535 1515 praedicationis
1570 1450 1837 1499 christianae
1872 1468 1970 1498 non
2007 1451 2256 1499 modicum
2287 1469 2373 1517 ap-

216 1526 483 1591 probemus
525 1528 755 1590 fructum,
791 1546 878 1595 per
908 1529 1036 1578 hanc
1067 1531 1275 1578 maxime
1315 1530 1588 1579 idolatriam
1619 1532 1669 1578 in
1711 1530 1897 1579 mundo
1943 1547 2043 1579 non
2082 1531 2372 1596 ambigimus

217 1605 426 1656 deletam
451 1618 568 1656 tunc
590 1609 749 1659 fuisse.

285 1691 561 1738 Cmus‘ruiv.
585 1690 803 1757 Adjunge
823 1702 871 1740 et
892 1693 1028 1758 quod
1048 1704 1182 1760 patet
1205 1703 1253 1742 et
1273 1695 1429 1759 legem
1452 1693 1724 1742 naturalem
1748 1695 2025 1743 suscitatam
2049 1712 2167 1755 esse,
2195 1705 2243 1743 et
2265 1711 2373 1761 per-

217 1770 393 1818 fectam
416 1788 611 1819 morum
638 1772 967 1839 disciplinam,
994 1791 1091 1839 qua
1111 1791 1223 1836 vos,
1259 1785 1312 1822 ut
1341 1775 1521 1836 dicitis,
1555 1775 1658 1822 sola
1682 1775 1909 1834 nitimini,
1936 1785 1984 1823 et
2005 1776 2068 1823 ad
2090 1776 2375 1823 salvandum

218 1850 438 1899 sufficere
461 1852 670 1914 creditis,
697 1854 893 1901 nonnisi
915 1854 977 1902 ab
1002 1856 1108 1920 ipso
1133 1855 1358 1903 traditam
1381 1855 1550 1916 fuisse,
1578 1872 1606 1903 a
1626 1872 1726 1920 quo
1756 1865 2002 1921 tamquam
2026 1872 2139 1904 vera
2170 1856 2367 1922 sophia,

218 1930 269 1978 id
289 1941 359 1979 est
378 1932 613 1997 sapientia
634 1935 741 1991 Dei,
766 1935 1047 2000 quicunque
1069 1936 1287 1983 instructi
1306 1936 1408 1983 veri
1429 1946 1543 1983 sunt
1567 1936 1760 1983 dicendi
1784 1936 2085 2002 philosophi.

288 2014 474 2060 Pinnos.
503 2013 579 2062 Ad
601 2031 707 2079 quae
731 2015 934 2075 utinam,
960 2026 1013 2063 ut
1036 2015 1173 2075 dicis,
1203 2016 1271 2063 sic
1295 2017 1584 2064 convincere
1607 2017 1779 2081 possis,
1806 2026 1858 2063 ut
1881 2017 1944 2064 ab
1965 2017 2093 2082 ipsa,
2122 2028 2174 2065 ut
2197 2017 2371 2076 dicitis,

220 2109 443 2158 suprema
479 2094 737 2159 sapientia,
777 2111 924 2160 quam
959 2098 1124 2143 Graece
1161 2096 1338 2159 logon,
1377 2097 1524 2144 latine
1559 2095 1762 2143 verbum
1797 2098 1886 2143 Dei
1917 2098 2116 2158 vocatis,
2154 2114 2241 2145 vos
2264 2114 2375 2145 vere

219 2173 402 2237 logicos
440 2184 488 2221 et
522 2174 784 2222 verborum
829 2176 1102 2224 rationibus
1148 2176 1411 2224 exhibeatis
1453 2194 1556 2224 esse
1589 2187 1818 2224 armatOS.
1861 2179 1956 2224 Nec
2000 2177 2120 2225 illud
2157 2179 2375 2242 Gregorii

220 2254 365 2301 vestri
400 2271 478 2301 me
516 2256 748 2302 miserum
787 2256 1025 2321 refugium
1060 2256 1356 2322 praetendere
1387 2257 1699 2322 praesumatis.
1732 2277 1754 2300 c<
1775 2256 1931 2318 Fides,
1954 2277 1977 2302 »
2004 2258 2202 2323 inquit’,
2235 2275 2374 2306 «non

219 2333 368 2382 habet
392 2335 644 2398 meritum,
672 2337 752 2384 cui
778 2337 901 2384 ratio
924 2336 1139 2385 humana
1163 2337 1342 2403 praebet
1374 2338 1788 2403 experimentum,
1822 2354 1865 2385 c.
1893 2355 1934 2384 r.
1961 2355 2012 2403 p.
2041 2338 2093 2385 h.
2129 2355 2173 2387 e.
2198 2360 2221 2384 2>
2249 2341 2377 2397 Quia

221 2416 352 2463 enim
381 2415 512 2481 apud
536 2433 622 2464 vos
654 2416 830 2479 fidem,
856 2434 1003 2482 quam
1027 2427 1276 2478 astruunt,
1302 2417 1536 2466 disserere
1566 2434 1666 2465 non
1703 2417 1968 2478 sufficiunt,
1995 2420 2154 2467 statim
2185 2420 2247 2468 ad
2282 2436 2378 2467 suae

221 2496 474 2562 imperitiae
491 2496 716 2545 solatium
730 2497 824 2545 hoc
839 2499 1189 2562 Gregorianum
1204 2508 1472 2552 assumunt.
1491 2498 1640 2556 Quod
1653 2498 1850 2563 quidem
1859 2499 1992 2563 juxta
2007 2516 2176 2546 eorum
2192 2500 2377 2565 opinio-

222 2593 338 2625 nem
358 2577 477 2642 quid
497 2578 631 2625 aliud
654 2579 769 2643 agit,
790 2579 879 2626 nisi
907 2589 958 2626 ut
981 2579 1277 2644 quibuslibet
1295 2579 1407 2628 fidei
1421 2578 1842 2645 praedicationibus
1864 2596 1997 2644 aeque
2019 2580 2172 2628 stultis
2190 2581 2312 2628 sicut
2329 2590 2375 2627 et

223 2658 351 2705 sanis
375 2659 770 2723 acquiescamus?
793 2661 840 2707 Si
874 2660 1004 2707 enim
1033 2660 1154 2708 fides
1184 2660 1370 2708 ratione
1402 2661 1602 2708 minime
1631 2661 1690 2708 sit
1713 2660 2038 2721 discutienda,
2065 2678 2126 2708 ne
2149 2661 2373 2708 meritum

223 2738 437 2799 amittat,
472 2756 562 2786 nec
586 2740 704 2803 quid
729 2741 860 2788 credi
885 2750 1107 2806 oporteat
1127 2728 1279 2788 animi·
1300 2740 1484 2804 judicio
1507 2741 1567 2788 sit
1589 2740 1944 2787 discutiendum
1962 2777 1974 2794 ‚
2006 2741 2089 2789 sed
2118 2742 2277 2789 statim
2302 2741 2377 2787 his

226 2834 330 2882 quae
353 2818 695 2883 p-raedicantur,
723 2820 1099 2882 assentiendum,
1126 2837 1442 2885 quoscunque
1468 2837 1654 2868 errores
1687 2819 1962 2886 praedicatio
1987 2822 2213 2873 seminet.
2238 2823 2381 2869 susci·

224 2912 340 2961 pere
370 2896 490 2943 nihil
513 2896 684 2959 refert,
713 2898 826 2961 quia
849 2897 969 2944 nihil
991 2897 1106 2945 licet
1130 2898 1318 2945 ratione
1340 2897 1582 2958 refellere,
1616 2897 1702 2945 ubi
1726 2899 1961 2946 rationem
1986 2915 2088 2946 non
2112 2899 2222 2947 licet
2245 2898 2384 2946 adhi-

173 2999 180 3006 ·
225 2976 360 3024 bere.
378 2977 516 3025 Dicat
539 2976 759 3025 idolatria
780 2978 842 3025 de
865 2977 1025 3043 lapide
1049 2978 1125 3026 vel
1148 2976 1280 3042 ligno
1296 2977 1370 3025 vel
1384 2977 1598 3043 qualibet
1618 2987 1864 3026 creatura:
1887 2979 1974 3026 Hic
1997 2988 2069 3026 est
2086 2981 2218 3027 Deus
2238 2995 2379 3027 verus

227 3067 415 3105 creator
445 3058 553 3105 coeli
581 3068 628 3105 et
660 3068 819 3119 terrae3
852 3059 930 3106 vel
964 3058 1233 3123 quamlibet
1263 3068 1509 3124 patentem
1544 3058 1956 3107 abominationem
1983 3059 2235 3125 praedicet,
2272 3061 2379 3124 quis

229 3154 342 3185 eum
368 3138 546 3187 valebit
576 3139 817 3200 refellere,
845 3140 883 3186 si
915 3138 978 3186 de
1002 3138 1100 3187 fide
1123 3138 1243 3186 nihil
1262 3139 1322 3186 sit
1347 3139 1703 3188 discutiendum
1727 3137 1945 3188 ratione?
1964 3140 2134 3188 Statim
2160 3141 2379 3203 arguenti

264 3326 269 3340 ¹
285 3322 363 3365 neq.
381 3322 405 3366 1,
423 3334 495 3366 cap.
515 3334 591 3368 xix,
611 3327 684 3359 v.4.
707 3343 745 3351 --
761 3327 772 3346 ²
786 3328 857 3360 Act.
873 3329 1006 3368 Apost.‚
1024 3335 1096 3366 cap.
1119 3334 1199 3359 xvu.
1215 3335 1246 3359 v.
1259 3327 1308 3359 22.
