2638 3866
233 211 284 257 54
297 210 328 257 4
1041 208 1212 256 PETRI
1247 208 1561 256 ABAELARDI

229 311 349 358 illud
390 312 557 372 refelli,
598 311 732 376 quod
763 328 907 376 supra
943 311 1304 377 opponebatur,
1343 327 1456 358 cum
1490 310 1713 359 videlicet
1749 310 2054 376 oinceretur,
2089 309 2224 376 quod
2253 312 2376 360 sicut

234 392 506 439 ostenditur
521 408 607 457 per
624 391 720 439 1100
739 391 874 455 quod
891 395 1029 439 Pater
1046 402 1114 439 est
1136 394 1284 451 Deus,
1307 400 1354 438 et
1375 393 1506 438 Deus
1528 400 1599 438 est
1617 400 1838 451 aeternus,
1854 393 1993 440 Pater
2016 409 2116 439 esse
2138 402 2343 440 aeternus
2359 411 2371 452 ;

233 471 296 518 ita
321 473 463 519 etiam
491 472 680 519 ostendi
708 472 875 536 possit,
901 489 988 538 per
1011 472 1108 520 hoc
1131 471 1266 537 quod
1299 474 1439 519 Pater
1469 480 1539 518 est
1560 474 1708 533 Deus,
1737 482 1782 519 et
1805 475 1934 537 Deus
1956 483 2027 519 est
2047 473 2208 534 Filius,
2237 476 2377 521 Pater

234 567 333 597 esse
357 551 517 599 Filius.
541 551 614 598 Ibi
644 552 826 618 quippe
848 569 903 599 ea
931 553 1201 618 propositio
1221 569 1326 617 quae
1349 552 1663 616 consequitur
1685 568 1742 599 ex
1766 552 1953 600 duabus
1976 553 2245 618 praemissis,
2269 569 2375 617 quae

231 630 449 679 videlicet
468 632 532 679 ait
554 650 564 678 ε
587 636 764 681 «Pater
779 643 849 681 est
863 643 1085 694 aeternus,
1107 652 1131 678 »
1158 633 1219 680 ad
1236 632 1389 680 solam
1404 632 1704 681 identitatem
1720 635 1934 681 essentiae
1954 643 2155 699 spectat,
2182 633 2304 681 sicut
2327 643 2374 680 et

232 711 481 773 praemissae
497 749 510 774 ,
537 724 592 761 ut
619 731 762 779 supra
777 715 878 778 jam
903 714 1333 762 determinavimus
1359 731 1369 759 ι
1399 713 1608 778 1ἀο0(1110
1631 731 1688 761 ex
1718 713 1831 778 ipsis
1854 715 2200 762 convenienter
2229 713 2373 761 infer-

232 797 326 836 tur.
354 796 470 850 Quae
492 811 610 842 vero
631 795 696 842 ait
714 814 725 843 ε
757 815 780 841 t(
801 797 936 843 Pater
958 804 1029 842 est
1056 794 1219 853 Filius,
1239 812 1263 838 »
1285 809 1387 840 non
1411 793 1571 840 solum
1596 794 1823 853 essentiae,
1849 811 2020 842 verum
2042 795 2237 859 insuper
2259 809 2374 859 pro-

231 870 443 933 prietatis
467 874 766 924 identitatem
791 874 998 924 ostendit
1015 913 1027 937 ,
1057 875 1266 939 ideoque
1299 891 1356 922 ex
1387 875 1640 939 praemissis
1664 892 1763 922 non
1788 875 2032 940 procedit,
2060 891 2167 939 quae
2197 873 2376 926 scilicet

231 954 483 1014 praemissae
501 956 780 1022 simpliciter
801 957 863 1005 ad
887 956 1186 1004 identitatem
1206 955 1417 1015 essentiae
1436 965 1652 1020 spectant
1677 974 1687 1002 z
1715 955 1865 1003 immo
1889 955 2184 1021 apertissime
2203 954 2374 1002 falsum

232 1046 333 1079 esse
365 1033 542 1098 liquet,
578 1037 688 1084 ideo
726 1037 861 1101 quod
898 1041 1034 1084 Pater
1074 1046 1144 1084 est
1175 1039 1305 1084 Deus
1340 1045 1386 1083 et
1419 1038 1547 1083 Deus
1590 1045 1662 1083 est
1696 1036 1870 1098 Filius,
1905 1046 2129 1102 oportere
2171 1034 2377 1083 concedi

234 1113 421 1161 Patrem
446 1133 548 1164 esse
578 1118 767 1165 Filium.
797 1117 945 1175 Quod
967 1127 1036 1164 est
1059 1117 1236 1175 dicere,
1263 1126 1314 1163 ut
1337 1132 1478 1181 supra
1497 1116 1598 1178 jam
1626 1117 1954 1181 exposuimus,
1982 1116 2111 1163 idem
2134 1132 2235 1163 esse
2259 1131 2375 1181 pro-

230 1192 392 1255 prium
424 1198 574 1244 Patris
609 1207 656 1244 et
685 1198 802 1259 Filii,
830 1199 879 1245 in
908 1215 967 1245 eo
993 1197 1173 1245 scilicet
1202 1196 1337 1261 quod
1360 1199 1501 1243 Pater
1524 1206 1596 1242 est
1622 1206 1670 1243 et
1701 1196 1869 1255 Filius,
1901 1198 2061 1262 ipsum
2093 1199 2248 1255 Patre,
2279 1195 2378 1242 hoc

231 1281 317 1330 est,
346 1276 501 1341 seipso
535 1278 678 1342 gigni.
709 1278 853 1336 Quod
878 1278 917 1325 si
951 1277 1012 1324 ad
1042 1277 1170 1325 hanc
1203 1292 1399 1341 quoque
1427 1276 1813 1341 complexionem
1845 1276 2266 1343 comprobandam
2296 1276 2377 1323 illa

231 1351 486 1403 inducatur
509 1357 869 1405 dialecticorum
891 1357 1056 1421 regula
1077 1374 1182 1422 quae
1207 1357 1272 1405 ait
1300 1374 1310 1403 ε
1337 1356 1572 1414 Quotiens
1593 1356 1776 1421 aliquid
1799 1357 2088 1423 praedicatur
2107 1356 2169 1405 (10
2192 1357 2373 1421 aliquo,

230 1433 466 1499 quidquid
489 1438 774 1502 praedicatur
803 1438 863 1485 de
889 1437 1149 1503 praedicato
1181 1447 1229 1485 et
1251 1437 1313 1484 de
1343 1436 1561 1501 subjecto
1589 1454 1599 1483 ε
1626 1436 1723 1484 1100
1757 1447 1828 1485 θεῖ
1850 1438 2074 1502 quotiens
2109 1436 2272 1501 aliqua
2302 1453 2379 1484 res

231 1523 299 1560 est
326 1514 522 1580 aliquid,
553 1528 600 1565 et
618 1518 737 1566 illud
765 1518 894 1566 idem
917 1535 1082 1565 rursus
1110 1528 1180 1565 est
1207 1517 1407 1582 aliquid,
1436 1517 1650 1583 primum
1675 1526 1746 1565 est
1768 1518 2020 1579 ultimum3
2048 1517 2186 1565 facile
2209 1517 2379 1582 depre-

228 1592 379 1642 hendi
413 1607 570 1661 potest
597 1599 717 1646 nihil
752 1599 813 1647 ad
841 1599 969 1646 hanc
1002 1598 1390 1663 complexionem
1421 1598 1636 1664 regulam
1670 1599 1898 1661 attinere,
1926 1615 2019 1646 nec
2053 1614 2161 1645 eam
2198 1615 2256 1645 ex
2287 1596 2381 1654 hac

228 1675 390 1739 regula
411 1680 667 1726 monstrari
686 1696 844 1744 posse,
870 1696 982 1727 cum
998 1679 1220 1727 videlicet
1243 1679 1326 1727 illa
1341 1679 1404 1727 ad
1428 1679 1797 1728 enunciationes
1818 1679 1922 1727 illas
1945 1688 2135 1727 tantum
2159 1678 2376 1739 attineat,

229 1771 334 1818 quae
358 1757 421 1805 ad
446 1748 746 1807 identitatem
774 1761 923 1808 solam
950 1761 1163 1807 essentiae
1184 1770 1419 1825 spectant,
1446 1777 1548 1807 non
1580 1760 1726 1807 etiam
1753 1759 1816 1806 ad
1838 1759 2139 1807 identitatem
2163 1758 2381 1824 proprie-

228 1837 353 1898 tatis,
390 1840 512 1887 sicut
534 1830 767 1889 haec'facit
799 1858 904 1906 quae
932 1844 1109 1888 «Pater
1142 1851 1214 1888 est
1235 1840 1396 1888 Filius.
1413 1860 1438 1885 »
1471 1844 1628 1888 Immo
1650 1841 1690 1887 si
1710 1841 1811 1887 vim
1842 1840 2106 1892 verborum
2128 1839 2381 1903 diligenter

230 1919 550 1982 attendamus,
567 1921 673 1968 talis
689 1922 852 1987 potius
872 1922 916 1968 ei
936 1921 1101 1986 regula
1120 1921 1394 1969 inducenda
1411 1930 1550 1982 esset,
1572 1921 1611 1968 si
1634 1937 1748 1968 vera
1770 1930 1893 1968 esset
1915 1938 1924 1966 :
1945 1920 2181 1978 Quotiens
2199 1919 2382 1983 aliquid

229 2001 516 2064 praedicatur
547 2002 609 2050 de
638 2002 798 2067 aliquo
831 2012 880 2049 et
909 2001 1090 2066 aliquid
1123 2001 1408 2066 praedicatur
1442 2001 1504 2049 de
1540 2000 1818 2066 praedicato,
1858 1999 1987 2047 idem
2021 2009 2094 2047 est
2125 2000 2381 2065 proprium

229 2080 373 2144 primi
406 2081 609 2146 subjecti
646 2092 699 2129 et
725 2082 878 2129 ultimi
913 2081 1184 2146 praedicati,
1213 2081 1348 2146 quod
1377 2098 1489 2129 cum
1525 2091 1688 2146 aperte
1721 2080 1895 2129 salsum
1922 2080 2007 2142 sit,
2046 2095 2148 2127 non
2185 2089 2254 2127 θεῖ
2291 2096 2382 2144 pro

230 2162 392 2227 regula
414 2162 716 2210 habendum.
746 2165 1008 2209 Possumus
1032 2163 1175 2209 etiam
1201 2162 1379 2223 dicere,
1411 2162 1450 2209 si
1474 2161 1748 2226 diligentius
1778 2162 1878 2208 vim
1907 2169 1955 2207 et
1983 2159 2382 2223 significationem

230 2243 490 2290 verborum
512 2259 657 2308 quam
677 2259 854 2290 sonum
873 2259 1043 2289 eorum
1060 2242 1385 2305 attendamus,
1409 2259 1522 2289 cum
1542 2240 1837 2289 inferebatur
1859 2258 1915 2289 ex
1932 2239 2185 2306 praemissis
2203 2259 2226 2283 c<
2244 2243 2384 2308 Pater

231 2334 300 2371 θεῖ
315 2324 478 2381 Filius,
499 2342 522 2368 »
543 2340 644 2370 non
664 2323 794 2371 idem
808 2323 1056 2389 praedicari
1077 2323 1212 2388 quod
1229 2324 1453 2388 primitus
1475 2322 1843 2388 praedicabatur,
1867 2338 1979 2370 cum
2003 2320 2226 2368 videlicet
2251 2312 2382 2378 dice-

232 2414 380 2465 retur,
416 2407 546 2451 Deus
581 2414 651 2451 est
683 2404 854 2464 Filius3
890 2404 1012 2451 sicut
1043 2413 1091 2451 et
1112 2420 1227 2451 cum
1258 2403 1450 2464 dicitur,
1483 2403 1588 2451 haec
1623 2419 1734 2450 cera
1769 2413 1841 2450 est
1865 2402 1969 2449 haec
1991 2401 2170 2464 imagO,
2205 2410 2252 2447 et
2282 2389 2385 2448 haec

232 2487 391 2550 imago
422 2495 492 2531 est
522 2502 579 2532 ex
600 2486 693 2532 hac
718 2501 843 2542 cera,
872 2485 1008 2548 quasi
1036 2484 1178 2532 Filius
1209 2485 1293 2549 qui
1323 2494 1394 2532 est
1416 2501 1475 2532 ex
1505 2488 1663 2543 Patre,
1698 2500 1813 2547 ergo
1840 2482 1944 2530 haec
1970 2497 2078 2528 cera
2107 2490 2178 2526 est
2205 2497 2275 2528 ex.
2293 2481 2386 2529 hac

235 2583 358 2614 cera.
396 2565 490 2612 Sed
521 2565 581 2613 de
611 2566 708 2612 hoc
739 2565 880 2613 nobis
911 2565 1165 2629 diligenter
1187 2564 1451 2613 dicendum
1480 2564 1569 2611 erit
1598 2573 1795 2629 postea,
1835 2578 1947 2609 cum
1984 2560 2046 2608 de
2077 2561 2386 2622 generatione

235 2642 380 2690 Verbi
401 2643 704 2690 disseremus.
727 2645 849 2690 Sunt
870 2652 918 2689 et
941 2642 1041 2689 aliae
1069 2642 1343 2689 consimiles
1368 2641 1697 2707 dispositionis
1721 2638 2180 2703 argumentationes,
2210 2637 2387 2701 quibus

234 2733 431 2788 propter
467 2724 786 2771 terminorum
821 2723 1189 2789 dispositionem
1231 2723 1474 2787 praemissa
1512 2722 1676 2785 regula
1714 2729 1991 2785 competere
2027 2718 2235 2779 videtur,
2272 2736 2386 2767 cum

238 2821 264 2851 a
296 2820 434 2850 sensu
467 2804 729 2852 verborum
761 2807 908 2869 longe
940 2805 1033 2851 sit:
1067 2804 1233 2868 quales
1260 2814 1374 2852 sunt
1401 2802 1684 2868 hujusmodi
1713 2801 2092 2867 complexiones,
2126 2799 2205 2846 hic
2234 2799 2386 2859 homo

238 2894 308 2930 est
326 2884 422 2930 hoc
445 2901 639 2949 corpus,
659 2886 744 2933 sed
762 2886 859 2934 hoc
882 2902 1059 2950 corpus
1081 2902 1271 2950 semper
1291 2895 1378 2945 est,
1405 2901 1521 2948 ergo
1542 2884 1623 2931 hic
1640 2883 1794 2931 homo
1817 2893 1889 2930 θεῖ
1911 2898 2117 2947 semper.
2144 2883 2282 2941 Item,
2307 2880 2388 2928 hic

239 2963 389 3009 homo
422 2974 491 3010 est
511 2964 608 3012 hoc
632 2982 833 3031 corpus,
870 2977 918 3013 et
939 2966 1036 3013 hoc
1064 2982 1242 3030 corpus
1270 2974 1341 3012 est
1362 2965 1563 3012 materia
1582 2964 1727 3028 hujus
1749 2963 1979 3024 hominis,
2007 2962 2083 3009 vel
2117 2961 2387 3017 factumest

238 3042 319 3088 hic
341 3042 511 3102 homo,
535 3046 611 3091 vel
633 3046 764 3109 prius
791 3055 861 3092 est
878 3045 1077 3092 homine
1101 3045 1200 3092 hoc
1223 3063 1233 3091 :
1258 3061 1373 3108 ergo
1395 3045 1474 3092 hic
1497 3045 1650 3092 homo
1676 3053 1748 3092 est
1769 3044 1969 3091 materia
1990 3041 2133 3105 hujus
2152 3040 2383 3100 hominis,

238 3120 316 3169 vel
348 3121 499 3168 factus
528 3133 598 3169 est
618 3123 698 3170 hic
720 3124 890 3183 homo,
916 3124 993 3171 vel
1021 3125 1154 3189 prior
1181 3133 1252 3171 est
1271 3124 1368 3172 hoc
1394 3125 1614 3172 homine.
1642 3128 1780 3184 Item,
1813 3123 1893 3170 hic
1919 3120 2210 3170 citharoedus
2235 3129 2285 3165 et
2307 3118 2388 3165 hic

242 3200 533 3248 citharoedus
573 3201 734 3249 bonus
772 3213 842 3249 est
878 3203 954 3249 vel
988 3203 1276 3250 laudandus.
1319 3206 1445 3268 Ergo
1481 3204 1560 3250 hic
1605 3204 1761 3250 miles.
1804 3205 1877 3248 De
1914 3199 2139 3265 qualibus
2188 3198 2384 3263 quidem

242 3281 735 3345 argumentationibus
756 3283 804 3329 in
831 3282 1093 3331 Dz'alectc'ca
1115 3293 1281 3331 nostra
1302 3283 1444 3331 latius
1466 3283 1711 3349 prosecuti
1733 3298 1915 3330 sumus.
