2638 3866
848 223 1188 274 TRACTATUS
1221 225 1299 275 DE
1335 227 1793 280 INTELLECTlBUS.
2305 238 2400 286 753

257 326 343 392 qui
364 334 437 373 est
462 324 747 373 intellectus.
776 327 839 373 Ac
861 342 1024 374 rursus
1045 327 1152 391 quis
1189 328 1388 394 recipiat
1423 330 1558 395 quod
1598 331 1858 396 intelligam
1891 332 2169 383 chimaeram
2205 352 2311 402 quae
2335 347 2403 385 est

259 405 547 467 intellectus,
585 405 676 454 nisi
711 416 759 454 et
791 405 1066 455 chimaeram
1102 407 1362 474 intelligam
1396 420 1445 457 et
1480 410 1557 459 illa
1592 412 1652 460 sit
1688 412 1987 462 intellectus?
2021 418 2078 462 At
2115 416 2332 480 profecto
2366 419 2402 465 si

257 486 482 535 chimaera
505 486 565 534 sit
585 486 851 534 intellectus
867 525 880 549 ,
914 489 1076 553 utique
1098 498 1147 536 et
1167 488 1270 553 ipsa
1293 499 1381 540 est.
1410 492 1467 538 Et
1490 507 1602 539 cum
1626 491 1899 541 chimaeram
1924 494 2051 543 dicat
2073 496 2250 544 animal
2283 497 2399 557 tale,

258 566 475 633 profecto
506 576 555 615 et
586 565 837 631 quoddam
868 567 1047 615 animal
1070 568 1331 617 intellectui
1353 586 1457 619 esse
1480 581 1684 620 constat.
1714 573 1783 621 Ad
1810 574 1943 640 quod
1967 576 2239 643 respondeo
2271 579 2403 643 quod

257 664 370 696 cum
405 647 583 696 dicitur
619 647 874 713 «intelligo
909 647 1185 697 chimaeram
1202 668 1225 693 u
1263 650 1339 698 vel
1378 670 1402 696 «
1423 651 1649 702 chimaera
1682 653 1975 718 intelligitur,
1999 676 2021 700 n
2058 656 2303 722 figurativa
2335 669 2405 707 est

258 728 458 776 locutio.
492 728 543 776 Si
575 744 693 776 vero
727 727 886 776 dicam
916 728 1170 794 «intelligo
1203 729 1477 780 chimaeram
1511 748 1618 797 quae
1646 742 1781 794 est‚»
1823 735 1988 783 transit
2023 737 2071 784 in
2111 735 2403 786 locutionem

259 808 532 875 propriam,
561 808 676 873 quia
703 808 804 873 jam
837 825 922 875 per
947 809 1076 858 lianc
1103 810 1374 859 orationem
1410 831 1433 853 κ
1454 811 1678 861 chimaera
1714 828 1820 879 quae
1851 824 1961 863 est»
1988 816 2141 880 agitur
2175 826 2404 883 tanquam

258 889 574 955 personaliter
601 890 664 938 de
685 906 737 938 re
760 889 942 956 aliqua,
971 907 1078 956 quae
1103 891 1413 939 constituitur
1437 901 1484 940 et
1507 894 1705 958 ponitur
1726 910 1846 942 esse.
1876 897 1994 942 Nam
2020 906 2067 944 et
2097 913 2208 944 cum
2232 897 2406 946 dicitur

261 989 285 1015 «
307 985 414 1035 qua:
438 979 509 1018 est
526 990 551 1016 ι)
585 986 688 1018 non
715 990 740 1016 «
760 971 841 1036 qui
864 980 953 1032 est,
975 989 998 1016 »
1026 970 1088 1019 ad
1106 970 1382 1020 chimaeram
1402 972 1569 1021 relatio
1596 974 1650 1022 fit
1679 991 1766 1041 per
1789 975 2045 1024 femineam
2069 993 2238 1025 vocem
2256 1017 2269 1039 ,
2301 996 2404 1043 qua’

258 1049 475 1115 ejusdem
497 1060 569 1099 est
590 1051 799 1115 generis,
831 1067 932 1099 non
956 1050 1018 1099 ad
1043 1051 1357 1099 intellectum.
1398 1055 1454 1100 Et
1487 1053 1756 1102 notandum
1779 1055 1912 1120 quod
1945 1066 2015 1103 est
2045 1073 2236 1104 necesse
2272 1059 2404 1123 quod

258 1145 371 1178 eum
393 1130 468 1178 hae
498 1130 606 1179 duae
628 1131 871 1179 orationes
893 1149 903 1179 :
935 1152 957 1177 «
980 1130 1193 1196 intelligo
1216 1131 1492 1180 chimaeram
1516 1153 1540 1178 »
1572 1144 1618 1182 et
1645 1155 1667 1178 α
1686 1134 1844 1184 habeo
1867 1135 2011 1183 talem
2036 1135 2353 1199 intellectum,
2380 1161 2401 1182 »

259 1211 361 1275 ejus
394 1211 491 1259 sint
519 1227 687 1259 sensus
716 1228 803 1277 per
825 1228 877 1259 se
899 1211 1056 1274 dictae,
1082 1212 1195 1260 ideo
1225 1212 1421 1261 cuilibet
1451 1213 1594 1262 alicui
1623 1216 1894 1280 conjunctae
1917 1233 2028 1264 eum
2052 1217 2243 1282 penitus
2268 1217 2405 1265 intel-

258 1290 437 1339 lectum
471 1301 691 1352 servent,
730 1292 845 1358 quia
877 1309 1001 1358 saepe
1038 1293 1141 1357 ejus
1170 1309 1338 1341 sensus
1371 1304 1485 1341 sunt
1518 1311 1764 1343 sermones
1795 1311 1884 1362 per
1911 1313 1960 1344 se
1991 1295 2229 1360 sigillatim
2259 1296 2401 1356 dicti,

259 1372 341 1437 qui
365 1381 528 1421 tamen
551 1373 602 1420 in
625 1381 853 1420 contextu
876 1374 1248 1421 constructionis
1270 1373 1412 1439 longe
1434 1374 1576 1423 aliam
1604 1376 1703 1423 vim
1727 1374 1924 1425 habent.

326 1454 436 1501 Haec
459 1452 521 1501 de
543 1453 968 1518 speculationibus,
995 1453 1091 1502 hoc
1112 1463 1183 1502 est
1206 1454 1545 1515 intellectibus,
1571 1454 1700 1503 dicta
1721 1472 1852 1504 nunc
1875 1455 2157 1504 sufficiant&

326 1613 588 1669 Qua-:mrim
610 1629 671 1660 an
700 1612 803 1661 baec
836 1612 1008 1661 divisio
1041 1629 1212 1661 eorum
1241 1631 1348 1679 quae
1379 1623 1491 1662 sunt
1515 1651 1525 1660 .
1556 1614 1723 1663 «aliud
1761 1624 1832 1662 est
1861 1613 2151 1675 substantia,
2177 1612 2307 1661 aliud
2342 1623 2411 1661 est

262 1690 504 1753 accidens,
530 1710 554 1737 »
581 1692 643 1739 sit
663 1692 922 1741 sufficiens·
950 1693 1098 1752 Quod
1120 1694 1159 1741 si
1182 1693 1497 1754 concedatur,
1524 1704 1640 1741 tunc
1664 1710 1776 1741 cum
1799 1693 2094 1742 rationalitas
2116 1693 2193 1755 sit,
2220 1702 2412 1758 oportet

260 1786 363 1819 esse
395 1771 712 1820 substantiam
741 1773 818 1821 vel
840 1773 1081 1822 accidens.
1108 1774 1158 1821 Si
1182 1783 1344 1823 autem
1368 1774 1591 1822 accidens
1614 1773 1780 1836 fuerit,
1807 1781 1964 1839 potest
1986 1772 2152 1821 adesse
2174 1782 2219 1820 et
2247 1771 2412 1820 abesse

261 1869 311 1918 p.
345 1868 384 1900 s.
410 1867 488 1914 e.;
513 1853 649 1919 quod
673 1850 843 1902 falsum
873 1865 961 1915 est,
990 1855 1104 1919 quia
1135 1854 1458 1903 substantialis
1490 1854 1759 1903 differentia
1789 1854 1955 1903 abesse
1984 1871 2084 1902 non
2107 1861 2265 1920 potest
2294 1854 2410 1919 quin

259 1943 557 1999 corrumpat.
584 1934 810 1982 Similiter
833 1935 975 1983 etiam
997 1953 1110 1984 cum
1133 1935 1342 2001 populus
1364 1936 1441 1998 sit,
1467 1936 1543 1983 vel
1565 1936 1816 1995 exercituS,
1843 1935 1920 1982 vel
1942 1952 2072 2000 grex,
2099 1933 2410 1981 substantiam

261 2012 337 2060 vel
375 2013 601 2062 accidens
635 2031 737 2062 esse
768 2031 963 2063 necesse
996 2025 1083 2063 est.
1112 2016 1161 2063 Si
1189 2015 1455 2064 substantia
1492 2033 1593 2064 esse
1628 2015 1940 2075 concedatur,
1974 2014 2049 2062 vel
2079 2030 2312 2079 corporea
2337 2014 2409 2060 vel

260 2093 576 2159 incorporea;
596 2094 635 2141 si
654 2111 905 2160 corporea,
922 2095 998 2143 vel
1020 2096 1231 2144 animata
1245 2096 1323 2143 vel
1343 2095 1629 2157 inanimata3
1655 2095 1694 2142 si
1717 2095 1946 2155 animata,
1971 2094 2045 2141 vel
2072 2092 2310 2141 sensibilis
2334 2094 2408 2141 vel

261 2173 577 2235 insensibilis3
613 2175 652 2222 si
682 2174 949 2235 sensibilis,
985 2175 1195 2238 animal,
1230 2176 1365 2241 quod
1396 2175 1565 2223 falsum
1597 2191 1700 2223 esse
1729 2174 1938 2222 videtur.
1973 2173 2176 2220 Solutio.
2199 2172 2407 2230 Quidam

261 2252 429 2301 dicunt
461 2254 596 2319 quod
617 2253 678 2302 de
703 2271 1014 2321 quocumque
1039 2272 1208 2303 verum
1229 2266 1301 2304 est
1329 2256 1514 2317 dicere,
1549 2274 1572 2299 ιι
1604 2254 1731 2302 istud
1754 2263 1825 2301 est
1847 2269 1945 2301 una
1965 2269 2040 2300 res
2055 2288 2068 2312 ‚
2099 2271 2123 2296 υ
2149 2251 2210 2299 de
2235 2252 2407 2300 eodem

260 2350 430 2382 verum
455 2344 526 2383 est
555 2334 715 2383 dicere
737 2352 840 2383 esse
864 2335 1180 2401 substantiam
1213 2336 1288 2385 vel
1319 2336 1559 2385 accidens.
1584 2335 1645 2382 Hi
1674 2344 1835 2383 tamen
1867 2349 1969 2381 non
2000 2331 2276 2380 concedunt
2307 2349 2406 2380 rem

262 2430 410 2462 unam
443 2414 620 2463 debere
654 2413 750 2463 dici
784 2416 919 2481 quod
947 2434 1035 2483 per
1058 2434 1181 2485 opus
1209 2417 1466 2466 hominum
1491 2415 1638 2464 habet
1666 2414 1982 2474 existentiam,
2010 2422 2064 2460 ut
2086 2412 2287 2468 domus,
2320 2429 2407 2460 nec

262 2494 397 2559 quod
426 2494 573 2543 habet
597 2505 757 2561 partes
780 2495 1090 2561 disgregatas,
1111 2499 1232 2547 sicut
1256 2496 1484 2563 populus,
1512 2496 1597 2544 sed
1620 2495 1717 2543 hoe
1737 2504 1924 2543 tantum
1948 2509 2050 2541 rem
2074 2508 2221 2539 unam
2241 2491 2409 2538 dicunt

262 2575 397 2640 quod
440 2575 719 2623 naturaliter
752 2586 849 2638 est,
889 2577 964 2626 vel
1001 2588 1158 2644 partes
1190 2579 1418 2627 continue
1454 2577 1709 2643 dispositas
1749 2575 2028 2633 naturaliter
2062 2572 2223 2620 habet.
2264 2572 2407 2630 Quod

263 2673 409 2721 quam
442 2656 832 2705 irrationabiliter
860 2669 1004 2723 agant
1032 2669 1251 2725 apertum
1283 2669 1370 2706 est.
1403 2661 1584 2706 Contra
1613 2658 1709 2705 hoc
1733 2656 1877 2704 etiam
1908 2663 2066 2721 potest
2088 2653 2181 2700 dici
2213 2652 2346 2717 quod
2369 2653 2407 2699 si

264 2751 361 2784 una
383 2752 458 2783 res
481 2736 563 2795 sit,
592 2737 714 2784 sicut
734 2749 1002 2804 exponunt,
1026 2749 1243 2787 montem
1272 2755 1385 2787 cum
1404 2738 1527 2786 valle
1551 2748 1599 2786 et
1629 2753 1771 2803 aqua,
1796 2752 1903 2801 quae
1923 2733 2202 2782 naturaliter
2223 2740 2336 2779 sunt
2362 2742 2408 2779 et

263 2826 422 2880 partes
442 2816 697 2865 continuas
725 2817 931 2879 habent,
958 2835 1106 2866 unam
1140 2835 1245 2867 rem
1271 2818 1538 2867 concedere
1561 2816 1766 2878 debent,
1801 2826 1848 2863 et
1872 2814 2194 2880 compositum
2217 2828 2275 2860 ex
2297 2828 2406 2859 cor-

263 2912 382 2960 pore
405 2906 453 2944 et
474 2896 699 2945 albedine
726 2898 966 2959 similiter,
991 2908 1039 2947 et
1061 2899 1128 2947 sic
1151 2915 1253 2947 esse
1274 2898 1592 2947 substantiam
1620 2898 1695 2945 vel
1718 2896 1957 2945 accidens.
1990 2894 2039 2941 Si
2060 2893 2375 2941 substantiam
2391 2930 2402 2951 ‚

264 2975 339 3023 vel
374 2993 551 3043 corpus
580 2977 656 3024 vel
693 2978 852 3038 aliud3
890 2979 930 3026 si
963 2995 1158 3044 corpus,
1195 2979 1272 3028 vel
1305 2979 1470 3031 album
1506 2978 1582 3026 vel
1615 2994 1748 3038 non3
1786 2976 1826 3024 si
1861 2974 2050 3036 album,
2084 2983 2200 3020 tunc
2234 2971 2406 3020 albedo

265 3055 435 3105 eadem
459 3067 581 3105 esset
600 3073 710 3122 pars
737 3058 948 3107 formalis
980 3068 1027 3107 et
1056 3060 1297 3125 integralis
1320 3059 1553 3125 ejusdem.
1588 3058 1674 3106 Alii
1699 3072 1815 3105 vero
1845 3053 2037 3103 duobus
2062 3052 2221 3101 modis
2242 3051 2406 3100 dicunt

309 3212 508 3255 ¹Hucusque
529 3223 614 3255 opus
635 3215 677 3247 de
701 3214 933 3248 lntellectlbus.
959 3212 1004 3247 Ea
1028 3224 1100 3256 quae
1125 3221 1307 3257 sequuntur
1378 3215 1605 3249 controverslae
1634 3215 1676 3247 de
1703 3212 1942 3246 universalibus
1974 3211 2129 3250 afferant,
2165 3208 2240 3241 ideo
2274 3216 2311 3239 ca
2342 3215 2407 3238 uon

264 3268 297 3299 in
316 3269 430 3300 codice
447 3269 650 3301 bibliothecae
672 3268 921 3302 Abrincatui-um
942 3278 1008 3302 non
1025 3275 1101 3302 sunt
1123 3269 1304 3309 Abantes-1113
1378 3271 1557 3304 omittenda
1574 3278 1643 3303 esse
1662 3270 1824 3302 duximus.

263 3322 334 3362 cJus
358 3327 467 3354 tamen
489 3323 671 3355 doctrinam
693 3331 767 3355 cum
789 3324 970 3365 attingant,
991 3329 1024 3357 et
1039 3325 1181 3365 aliquam
1199 3325 1304 3358 lucem

429 3396 460 3420 ιι
2198 3378 2247 3414 95
