2638 3866
963 227 1308 278 THEOLOGIA
1343 230 1713 279 CHRISTIANA.
2323 235 2418 283 509

265 330 385 379 illud
417 347 531 379 eum
555 340 773 396 tempore
808 347 818 376 :
846 339 893 377 et
914 329 1178 378 dictionem
1211 347 1311 378 non
1338 347 1440 379 esse
1464 332 1756 391 orationem,
1784 348 1896 379 cum
1922 342 2081 398 partes
2114 332 2345 383 dictionis
2368 337 2417 383 in

265 428 321 460 ea
338 410 659 476 significativae
674 427 775 459 non
796 410 909 472 sint,
927 410 1049 458 sicut
1066 421 1180 458 sunt
1198 413 1447 461 orationiS.
1466 413 1561 461 Sed
1585 429 1673 461 nec
1697 411 1895 461 fortasse
1919 430 2151 479 personas
2161 415 2421 465 Gramma-

265 492 472 540 ticorum
510 509 598 558 per
634 491 1026 558 praedicationem
1072 493 1303 558 conjungi
1344 493 1603 555 convenit,
1641 502 1694 541 ut
1717 493 1940 541 videlicet
1979 511 2076 542 una
2115 512 2325 560 persona
2361 498 2418 545 sit

265 573 432 634 altera,
467 573 580 621 licet
607 573 737 621 idem
771 572 830 620 sit
863 588 959 619 una
991 572 1127 636 quod
1157 572 1334 636 altera,
1370 584 1422 621 ut
1455 590 1602 640 supra
1637 575 1961 622 meminimus.
2005 578 2128 623 Cum
2161 577 2292 625 enim
2327 579 2421 626 sint

266 654 464 702 diversae
479 664 576 702 tres
597 669 816 720 personae
838 652 1107 701 secundum
1124 656 1494 717 Grammaticos,
1520 656 1677 721 prima
1695 655 1933 716 videlicet,
1960 657 2171 705 secunda
2189 668 2236 706 et
2254 660 2415 723 tertia;

265 753 366 783 non
382 746 453 784 est
464 736 663 784 fortasse
677 753 774 784 una
788 751 994 801 persona
1010 734 1102 784 alia
1115 753 1337 801 persona,
1355 754 1468 784 cum
1487 738 1589 803 ipsa
1604 737 1790 786 diversa
1803 754 2011 803 persona
2022 738 2083 786 ab
2100 739 2208 787 alia.
2227 741 2420 808 Quippe

266 834 376 865 cum
401 817 675 882 aliquorum
699 816 950 864 diversitas
977 825 1167 864 tantum
1196 818 1245 864 in
1275 819 1569 883 proprietate
1601 819 1820 884 ipsorum
1844 829 1926 866 aut
1958 819 2007 866 in
2032 819 2301 870 differentia
2326 832 2420 872 sta-

265 908 404 946 tuum
419 898 661 958 consistit,
689 897 855 945 nonin
880 914 1086 945 numero
1113 898 1185 945 vel
1199 898 1249 945 in
1274 900 1504 958 essentia,
1533 909 1662 947 recte
1686 899 1911 947 identitas
1935 916 2106 948 eorum
2131 901 2181 947 in
2204 900 2301 950 hoc
2315 903 2420 969 ipso

265 988 564 1027 monstratur
595 995 684 1045 per
718 977 1111 1044 praedicationem
1146 979 1367 1045 ipsorum
1403 979 1465 1027 ad
1498 980 1725 1039 invicem,
1765 989 1818 1027 ut
1842 980 2067 1028 videlicet
2103 997 2216 1029 cum
2248 981 2422 1031 dicitur

264 1058 366 1108 haec
387 1076 597 1125 persona
619 1076 724 1107 esse
754 1059 852 1119 illa,
887 1076 992 1124 quae
1017 1060 1313 1126 proprietate
1345 1070 1533 1108 tantum
1555 1060 1632 1108 vel
1657 1059 1965 1123 diffinitione,
1994 1061 2091 1109 hoc
2118 1072 2186 1110 est
2211 1072 2421 1111 statuum

266 1139 540 1188 diversitate
574 1139 820 1205 disjunctae
856 1150 991 1201 sunt,
1030 1141 1322 1206 intelligatur
1354 1141 1457 1189 haec
1489 1141 1659 1190 eadem
1694 1158 1796 1190 esse
1828 1158 1942 1189 cum
1974 1141 2053 1190 illa
2076 1143 2126 1190 in
2149 1143 2247 1191 1100
2281 1145 2417 1210 ipso,

264 1219 361 1268 hoc
383 1231 455 1269 est
475 1222 770 1287 proprietate
793 1221 869 1269 vel
899 1221 1206 1285 diffinitione,
1229 1221 1363 1288 quod
1389 1223 1591 1271 omnino
1619 1221 1791 1270 falsum
1819 1232 1890 1271 est
1914 1232 2012 1270 tam
2036 1223 2085 1270 in
2106 1223 2182 1271 his
2204 1227 2421 1289 personis

264 1318 412 1366 quam
441 1303 491 1350 in
524 1302 716 1351 divinis.
744 1306 977 1351 Praeterea
1008 1302 1161 1351 multa
1191 1313 1322 1364 sunt,
1359 1313 1412 1351 ut
1440 1320 1585 1370 supra
1614 1304 1949 1365 meminimus,
1977 1321 2184 1352 numero
2216 1305 2386 1354 eadem
2404 1345 2416 1368 ,

263 1399 476 1448 quorum
509 1393 672 1432 tamen
707 1385 911 1432 nomina
945 1401 1032 1450 per
1061 1383 1458 1450 praedicationem
1489 1383 1728 1448 disjuncta
1768 1394 1904 1444 sunt,
1940 1384 2075 1450 quod
2112 1386 2317 1434 maxime
2350 1388 2419 1435 vis

263 1464 482 1528 quaedam
506 1466 751 1513 relationis
776 1465 905 1526 facit,
933 1482 1038 1530 quae
1061 1466 1112 1512 in
1141 1465 1232 1514 illis
1259 1465 1541 1514 nominibus
1565 1466 1858 1528 continetur,
1884 1483 1997 1514 cum
2017 1466 2239 1515 videlicet
2261 1469 2421 1516 omnis

262 1544 433 1592 relatio
468 1546 594 1594 inter
627 1547 853 1612 opposita
886 1546 1133 1594 consistat.
1169 1545 1303 1595 Idem
1336 1547 1520 1613 quippe
1551 1555 1623 1595 est
1655 1563 1861 1594 numero
1896 1546 2097 1595 materia
2129 1548 2338 1596 Socratis
2375 1558 2421 1597 et

264 1625 484 1674 Socrates
504 1664 515 1687 ,
542 1636 590 1674 et
611 1627 745 1692 prius
768 1627 978 1675 Socratis
1001 1637 1049 1675 et
1072 1629 1291 1675 Socrates
1312 1646 1324 1687 ;
1349 1637 1396 1675 et
1418 1636 1709 1693 perpetuum
1733 1628 1939 1674 Socratis
1964 1636 2012 1674 et
2033 1628 2272 1688 Socrates,
2308 1645 2422 1676 cum

261 1705 484 1755 videlicet
513 1707 612 1756 hoc
635 1725 814 1774 corpus
849 1709 950 1756 sive
979 1708 1078 1756 hoc
1107 1707 1286 1756 animal
1318 1707 1450 1756 idem
1484 1708 1545 1755 sit
1567 1707 1702 1773 quod
1731 1709 1980 1768 Socrates;
2007 1724 2098 1755 nec
2132 1717 2293 1755 tamen
2326 1708 2422 1757 (1101

263 1788 510 1851 convenit,
547 1798 601 1836 ut
632 1791 853 1837 Socrates
881 1789 940 1837 sit
972 1789 1173 1836 materia
1204 1788 1429 1850 SocratiS,
1467 1788 1687 1853 quamvis
1712 1788 1773 1836 sit
1802 1787 1934 1837 idem
1964 1787 2099 1853 quod
2124 1798 2196 1836 est
2224 1790 2422 1838 materia

262 1867 472 1916 Socratis
481 1888 495 1930 ;
523 1879 608 1917 aut
629 1879 685 1917 ut
713 1870 773 1917 sit
795 1870 932 1936 prior
962 1871 1157 1918 Socrate
1173 1907 1186 1931 ,
1211 1868 1309 1917 hoc
1341 1878 1412 1917 est
1436 1870 1626 1935 seipso;
1653 1879 1736 1918 aut
1769 1879 1822 1916 ut
1844 1869 1904 1916 sit
1925 1878 2203 1935 perpetuus,
2229 1869 2342 1918 licet
2364 1872 2422 1918 sit

260 1946 358 1995 hoc
393 1949 528 2014 quod
559 1961 632 1999 est
662 1961 973 2018 perpetuum,
1009 1960 1180 2017 utpote
1217 1950 1315 1998 hoc
1351 1967 1548 2016 corpus.
1587 1951 1665 1998 Sic
1701 1967 1793 1998 nec
1830 1954 2020 1997 Patrem
2056 1952 2287 1999 convenit
2325 1951 2421 1999 dici

261 2029 435 2078 Filium
480 2049 641 2094 suum,
689 2042 771 2081 aut
813 2032 986 2080 Filium
1031 2049 1134 2080 esse
1179 2035 1368 2080 Patrem
1414 2049 1582 2093 suum,
1633 2031 1730 2078 hoc
1783 2040 1855 2078 est
1908 2030 2113 2078 alterum
2159 2048 2217 2079 ex
2263 2033 2420 2098 seipso

263 2125 365 2158 esse
389 2112 631 2176 gignendo
655 2113 867 2178 seipsum
884 2150 896 2172 ‚
924 2114 1045 2160 sicut
1069 2129 1160 2160 nec
1183 2114 1404 2161 Socrates
1427 2111 1604 2160 dicitur
1630 2128 1689 2159 ex
1712 2111 1869 2176 seipso
1896 2127 2014 2171 esse,
2042 2120 2095 2158 ut
2119 2111 2180 2159 sit
2201 2111 2422 2159 videlicet

261 2193 465 2239 materia
495 2193 571 2239 sui
600 2192 675 2240 vel
698 2193 979 2241 materiatus
1001 2210 1060 2241 ex
1089 2210 1157 2254 se,
1191 2193 1303 2240 11001
1335 2192 1467 2241 idem
1500 2193 1560 2240 sit
1594 2194 1810 2240 Socrates
1839 2207 1951 2238 cum
1974 2192 2173 2239 materia
2203 2192 2295 2254 sui,
2325 2191 2421 2240 hoc

261 2270 486 2320 videlicet
521 2289 747 2338 corpore,
774 2273 852 2322 vel
881 2290 992 2322 cum
1016 2275 1267 2323 materiato
1296 2275 1389 2334 sui,
1416 2273 1640 2323 videlicet
1664 2275 1862 2320 Socrate
1886 2272 2018 2332 albo,
2052 2273 2174 2320 sicut
2196 2272 2326 2320 idem
2350 2284 2421 2321 est

263 2353 404 2399 Pater
433 2353 570 2418 quod
598 2363 670 2402 est
697 2354 859 2415 Filius,
884 2354 1153 2402 secundum
1175 2354 1452 2402 substantiae
1474 2354 1774 2402 identitatem
1791 2390 1803 2414 ,
1833 2369 1934 2400 non
1959 2369 2175 2418 personae
2200 2353 2421 2419 proprie-

262 2440 427 2481 tatem.
466 2434 563 2483 Sed
597 2435 726 2483 dicet
761 2435 882 2483 mihi
920 2435 1091 2501 aliquis
1120 2436 1325 2483 :Dicam
1361 2438 1499 2483 Pater
1536 2445 1584 2482 et
1604 2435 1768 2496 Filius,
1807 2443 1854 2481 et
1888 2449 2004 2480 sane
2039 2432 2319 2498 intelligam,
2356 2434 2421 2481 ita

262 2513 458 2576 scilicet,
489 2515 623 2581 quod
647 2515 816 2564 eadem
843 2517 1050 2564 essentia
1073 2532 1181 2580 quae
1203 2525 1275 2563 est
1296 2519 1439 2564 Pater
1466 2525 1536 2564 est
1553 2525 1600 2563 et
1621 2514 1784 2562 Filius.
1815 2516 1937 2561 Nam
1962 2522 2010 2560 et
2033 2514 2140 2578 ipso
2166 2523 2420 2561 attestante

262 2594 531 2658 Augustino
560 2596 611 2644 in
634 2595 761 2644 libro
790 2596 848 2644 de
868 2596 1065 2644 Duabus
1090 2596 1357 2644 Animabus
1373 2594 1408 2657 ¹,
1449 2617 1470 2640 c«.
1492 2595 1553 2643 de
1577 2594 1734 2644 verbis
1754 2610 1868 2642 cum
1892 2610 1969 2641 res
1990 2603 2195 2655 constet,
2223 2603 2420 2641 contro-

261 2676 416 2724 versia
449 2677 670 2724 facienda
710 2695 812 2725 non
850 2687 937 2725 est.
964 2699 987 2721 »³
1025 2678 1161 2726 Idem
1198 2678 1248 2724 in
1276 2680 1338 2725 IV
1373 2679 1529 2741 Super
1559 2677 1846 2724 Genesim¹z
1892 2694 1916 2718 (ι
1938 2676 2070 2720 Dum
2107 2672 2415 2737 intelligatur,

261 2754 434 2819 inquit,
469 2757 604 2821 quod
634 2757 1000 2822 intelligendum
1024 2767 1112 2819 est,
1149 2773 1250 2804 non
1282 2773 1578 2822 magnopere
1610 2754 1882 2803 curandum
1906 2763 1979 2801 est
2000 2752 2135 2818 quod
2156 2762 2410 2800 vocetur.»

262 2838 321 2882 Et
351 2847 460 2901 post
490 2854 682 2902 pauca:
715 2841 860 2885 «Hoc
891 2849 980 2896 est,
1006 2838 1180 2904 inquit,
1207 2836 1342 2902 quod
1371 2837 1488 2898 dixi,
1524 2837 1643 2884 dum
1664 2853 1738 2883 res
1757 2833 2058 2891 conceditur,
2092 2849 2193 2880 non
2225 2848 2328 2880 esse
2358 2832 2419 2881 de

262 2915 511 2965 vocabulis
540 2918 887 2966 laborandum.
912 2938 935 2962 »
957 2918 1026 2965 Ad
1056 2916 1191 2982 quod
1214 2916 1507 2983 respondeo,
1543 2916 1679 2982 quod
1700 2916 1859 2982 placet
1879 2914 2000 2962 mihi
2026 2913 2130 2961 sola
2153 2913 2420 2978 intelligen-

262 2996 357 3057 tia,
389 2997 475 3045 sed
505 2998 701 3063 requiro
723 2997 874 3046 verba
904 3015 1008 3047 esse
1036 2997 1273 3046 catholica
1298 3015 1308 3044 :
1335 2997 1448 3063 quia
1476 3013 1577 3046 non
1601 2997 1705 3044 sine
1727 3011 1873 3044 causa
1898 2993 2156 3060 Apostolus
2187 2994 2421 3041 novitates

263 3077 527 3125 verborum
553 3095 643 3126 nos
676 3079 827 3127 vitare
851 3078 1103 3139 admonet,
1137 3088 1244 3126 turn
1274 3077 1386 3126 ideo
1418 3095 1481 3126 ne
1503 3086 1829 3125 contemtores
1861 3077 2148 3123 Sanctorum
2170 3073 2420 3120 videamur

266 3167 313 3204 et
344 3159 548 3224 Spiritus
579 3160 734 3208 sancti
762 3159 848 3224 qui
873 3158 1087 3225 loquitur
1117 3159 1168 3206 in
1193 3158 1260 3206 eis
1289 3176 1300 3206 ε
1325 3168 1431 3206 111111
1457 3158 1600 3206 0113111
1634 3157 1806 3222 magis,
1832 3172 1895 3204 ne
1924 3155 1963 3203 si
1987 3165 2037 3203 tu
2062 3155 2112 3202 in
2142 3152 2300 3201 verbis
2327 3152 2421 3199 tuis

312 3340 436 3384 ¹0P1’„
451 3347 476 3376 t.
495 3342 579 3378 vm.
595 3360 636 3369 -
651 3344 662 3363 ²
676 3342 754 3386 Cap.
774 3349 851 3378 rvet
865 3352 898 3379 v.
918 3344 1022 3388 omn,
1044 3348 1069 3377 t.
1090 3343 1145 3376 lll.
