<?xml version="1.0" encoding="UTF-8"?>
<!DOCTYPE html PUBLIC "-//W3C//DTD XHTML 1.0 Transitional//EN"
    "http://www.w3.org/TR/xhtml1/DTD/xhtml1-transitional.dtd">
<html xmlns="http://www.w3.org/1999/xhtml" xml:lang="en" lang="en">
 <head>
  <title>
</title>
<meta http-equiv="Content-Type" content="text/html;charset=utf-8" />
  <meta name='ocr-system' content='tesseract 3.04.00' />
  <meta name='ocr-capabilities' content='ocr_page ocr_carea ocr_par ocr_line ocrx_word'/>
</head>
<body>
  <div class='ocr_page' id='page_1' title='image "./operahactenusseo00abeluoft_0375.png"; bbox 0 0 2638 3866; ppageno 0'>
   <div class='ocr_carea' id='block_1_1' title="bbox 914 210 2347 265">
    <p class='ocr_par' dir='ltr' id='par_1_1' title="bbox 914 210 2347 265">
     <span class='ocr_line' id='line_1_1' title="bbox 914 210 2347 265; baseline 0.004 -6"><span class='ocrx_word' id='word_1_1' title='bbox 914 210 1256 260; x_wconf 87' lang='lat' dir='ltr'><strong>THEOLOGlA</strong></span> <span class='ocrx_word' id='word_1_2' title='bbox 1289 212 1656 262; x_wconf 79' lang='lat' dir='ltr'><strong>CHRISTIANA.</strong></span> <span class='ocrx_word' id='word_1_3' title='bbox 2253 217 2347 265; x_wconf 81' lang='lat'><strong>365</strong></span> 
     </span>
    </p>
   </div>
   <div class='ocr_carea' id='block_1_2' title="bbox 211 309 2349 3102">
    <p class='ocr_par' dir='ltr' id='par_1_2' title="bbox 211 309 2349 3102">
     <span class='ocr_line' id='line_1_2' title="bbox 218 309 2349 383; baseline 0.002 -22"><span class='ocrx_word' id='word_1_4' title='bbox 218 323 266 361; x_wconf 89' lang='lat' dir='ltr'><strong>et</strong></span> <span class='ocrx_word' id='word_1_5' title='bbox 302 312 440 378; x_wconf 87' lang='lat' dir='ltr'><strong>quasi</strong></span> <span class='ocrx_word' id='word_1_6' title='bbox 472 310 691 376; x_wconf 83' lang='lat' dir='ltr'><strong>quaedam</strong></span> <span class='ocrx_word' id='word_1_7' title='bbox 726 310 828 375; x_wconf 89' lang='lat' dir='ltr'><strong>ejus</strong></span> <span class='ocrx_word' id='word_1_8' title='bbox 860 309 1190 359; x_wconf 87' lang='lat' dir='ltr'><strong>intellectualis</strong></span> <span class='ocrx_word' id='word_1_9' title='bbox 1223 327 1279 360; x_wconf 90' lang='lat' dir='ltr'><strong>ac</strong></span> <span class='ocrx_word' id='word_1_10' title='bbox 1307 324 1539 379; x_wconf 88' lang='lat' dir='ltr'><strong>perpetua</strong></span> <span class='ocrx_word' id='word_1_11' title='bbox 1578 314 1775 374; x_wconf 90' lang='lat' dir='ltr'><strong>locutio,</strong></span> <span class='ocrx_word' id='word_1_12' title='bbox 1809 316 1856 362; x_wconf 92' lang='lat' dir='ltr'><strong>in</strong></span> <span class='ocrx_word' id='word_1_13' title='bbox 1883 315 2017 380; x_wconf 88' lang='lat' dir='ltr'><strong>cujus</strong></span> <span class='ocrx_word' id='word_1_14' title='bbox 2048 316 2349 383; x_wconf 86' lang='lat' dir='ltr'><strong>providentia</strong></span> 
     </span>
     <span class='ocr_line' id='line_1_3' title="bbox 218 389 2348 459; baseline 0.002 -19"><span class='ocrx_word' id='word_1_15' title='bbox 218 392 437 440; x_wconf 89' lang='lat' dir='ltr'><strong>omnium</strong></span> <span class='ocrx_word' id='word_1_16' title='bbox 473 390 535 440; x_wconf 89' lang='lat' dir='ltr'><strong>ab</strong></span> <span class='ocrx_word' id='word_1_17' title='bbox 562 401 740 440; x_wconf 86' lang='lat' dir='ltr'><strong>aeterno</strong></span> <span class='ocrx_word' id='word_1_18' title='bbox 771 389 961 457; x_wconf 79' lang='lat' dir='ltr'><strong>praefixa</strong></span> <span class='ocrx_word' id='word_1_19' title='bbox 979 391 1195 438; x_wconf 86' lang='lat' dir='ltr'><strong>consistit</strong></span> <span class='ocrx_word' id='word_1_20' title='bbox 1227 395 1443 457; x_wconf 89' lang='lat' dir='ltr'><strong>operatio</strong></span> <span class='ocrx_word' id='word_1_21' title='bbox 1473 405 1617 459; x_wconf 82' lang='lat' dir='ltr'><strong>atque</strong></span> <span class='ocrx_word' id='word_1_22' title='bbox 1646 394 1902 443; x_wconf 89' lang='lat' dir='ltr'><strong>ordinatio.</strong></span> <span class='ocrx_word' id='word_1_23' title='bbox 1933 398 2069 444; x_wconf 89' lang='lat' dir='ltr'><strong>Hanc</strong></span> <span class='ocrx_word' id='word_1_24' title='bbox 2090 406 2249 445; x_wconf 89' lang='lat' dir='ltr'><strong>autem</strong></span> <span class='ocrx_word' id='word_1_25' title='bbox 2274 399 2348 445; x_wconf 87' lang='lat' dir='ltr'><strong>in·-</strong></span> 
     </span>
     <span class='ocr_line' id='line_1_4' title="bbox 218 470 2348 541; baseline 0.002 -21"><span class='ocrx_word' id='word_1_26' title='bbox 218 471 533 520; x_wconf 88' lang='lat' dir='ltr'><strong>tellectualem</strong></span> <span class='ocrx_word' id='word_1_27' title='bbox 565 472 654 519; x_wconf 95' lang='lat' dir='ltr'><strong>Dei</strong></span> <span class='ocrx_word' id='word_1_28' title='bbox 691 470 1004 530; x_wconf 88' lang='lat' dir='ltr'><strong>locutionem,</strong></span> <span class='ocrx_word' id='word_1_29' title='bbox 1050 470 1100 519; x_wconf 92' lang='lat' dir='ltr'><strong>id</strong></span> <span class='ocrx_word' id='word_1_30' title='bbox 1140 481 1212 519; x_wconf 92' lang='lat' dir='ltr'><strong>est</strong></span> <span class='ocrx_word' id='word_1_31' title='bbox 1248 482 1475 521; x_wconf 86' lang='lat' dir='ltr'><strong>aeternam</strong></span> <span class='ocrx_word' id='word_1_32' title='bbox 1512 474 1763 540; x_wconf 73' lang='lat' dir='ltr'>Sapientiae</span> <span class='ocrx_word' id='word_1_33' title='bbox 1803 474 2158 525; x_wconf 87' lang='lat' dir='ltr'>ordinationem</span> <span class='ocrx_word' id='word_1_34' title='bbox 2194 481 2348 541; x_wconf 86' lang='lat' dir='ltr'><strong>Augu-</strong></span> 
     </span>
     <span class='ocr_line' id='line_1_5' title="bbox 217 550 2348 622; baseline 0.002 -23"><span class='ocrx_word' id='word_1_35' title='bbox 217 551 371 600; x_wconf 84' lang='lat' dir='ltr'><strong>stinus</strong></span> <span class='ocrx_word' id='word_1_36' title='bbox 410 551 468 598; x_wconf 84' lang='lat' dir='ltr'><strong>de</strong></span> <span class='ocrx_word' id='word_1_37' title='bbox 505 553 702 600; x_wconf 67' lang='lat' dir='ltr'><strong>Ciuitate</strong></span> <span class='ocrx_word' id='word_1_38' title='bbox 736 552 844 610; x_wconf 75' lang='lat' dir='ltr'><strong>Dei,</strong></span> <span class='ocrx_word' id='word_1_39' title='bbox 882 550 965 598; x_wconf 90' lang='lat' dir='ltr'><strong>lib.</strong></span> <span class='ocrx_word' id='word_1_40' title='bbox 1003 553 1151 598; x_wconf 85' lang='lat' dir='ltr'><strong>XXVI</strong></span> <span class='ocrx_word' id='word_1_41' title='bbox 1169 554 1199 612; x_wconf 82' lang='lat'><strong>¹,</strong></span> <span class='ocrx_word' id='word_1_42' title='bbox 1240 568 1347 618; x_wconf 90' lang='lat' dir='ltr'><strong>cap.</strong></span> <span class='ocrx_word' id='word_1_43' title='bbox 1386 569 1452 612; x_wconf 81' lang='lat' dir='ltr'><strong>vi,</strong></span> <span class='ocrx_word' id='word_1_44' title='bbox 1480 553 1755 602; x_wconf 89' lang='lat' dir='ltr'><strong>describens</strong></span> <span class='ocrx_word' id='word_1_45' title='bbox 1788 573 1800 601; x_wconf 75' lang='grc' dir='ltr'><strong><em>τ</em></strong></span> <span class='ocrx_word' id='word_1_46' title='bbox 1830 556 1986 617; x_wconf 89' lang='lat' dir='ltr'><strong>«Dei,</strong></span> <span class='ocrx_word' id='word_1_47' title='bbox 2025 558 2197 622; x_wconf 90' lang='lat' dir='ltr'><strong>inquit,</strong></span> <span class='ocrx_word' id='word_1_48' title='bbox 2239 567 2348 606; x_wconf 88' lang='lat' dir='ltr'><strong>ante</strong></span> 
     </span>
     <span class='ocr_line' id='line_1_6' title="bbox 220 630 2349 700; baseline 0.004 -23"><span class='ocrx_word' id='word_1_49' title='bbox 220 631 396 679; x_wconf 85' lang='lat' dir='ltr'><strong>sactum</strong></span> <span class='ocrx_word' id='word_1_50' title='bbox 426 648 567 679; x_wconf 89' lang='lat' dir='ltr'><strong>suum</strong></span> <span class='ocrx_word' id='word_1_51' title='bbox 597 630 779 679; x_wconf 91' lang='lat' dir='ltr'><strong>locutio</strong></span> <span class='ocrx_word' id='word_1_52' title='bbox 803 630 948 696; x_wconf 78' lang='lat' dir='ltr'><strong>ipsius</strong></span> <span class='ocrx_word' id='word_1_53' title='bbox 975 630 1048 677; x_wconf 91' lang='lat' dir='ltr'><strong>sui</strong></span> <span class='ocrx_word' id='word_1_54' title='bbox 1076 630 1185 679; x_wconf 89' lang='lat' dir='ltr'><strong>facti</strong></span> <span class='ocrx_word' id='word_1_55' title='bbox 1220 641 1291 680; x_wconf 88' lang='lat' dir='ltr'><strong>est</strong></span> <span class='ocrx_word' id='word_1_56' title='bbox 1314 634 1722 682; x_wconf 88' lang='lat' dir='ltr'><strong>incommutabilis</strong></span> <span class='ocrx_word' id='word_1_57' title='bbox 1760 636 1902 695; x_wconf 87' lang='lat' dir='ltr'><strong>ratio,</strong></span> <span class='ocrx_word' id='word_1_58' title='bbox 1932 653 2037 700; x_wconf 82' lang='lat' dir='ltr'><strong>quae</strong></span> <span class='ocrx_word' id='word_1_59' title='bbox 2070 653 2171 685; x_wconf 91' lang='lat' dir='ltr'><strong>non</strong></span> <span class='ocrx_word' id='word_1_60' title='bbox 2203 637 2349 685; x_wconf 90' lang='lat' dir='ltr'><strong>habet</strong></span> 
     </span>
     <span class='ocr_line' id='line_1_7' title="bbox 219 712 2346 781; baseline 0.004 -24"><span class='ocrx_word' id='word_1_61' title='bbox 219 726 392 758; x_wconf 88' lang='lat' dir='ltr'><strong>sonum</strong></span> <span class='ocrx_word' id='word_1_62' title='bbox 430 720 718 776; x_wconf 83' lang='lat' dir='ltr'><strong>strepentem</strong></span> <span class='ocrx_word' id='word_1_63' title='bbox 750 720 891 775; x_wconf 90' lang='lat' dir='ltr'><strong>atque</strong></span> <span class='ocrx_word' id='word_1_64' title='bbox 918 720 1264 774; x_wconf 82' lang='lat' dir='ltr'><strong>transeuntem,</strong></span> <span class='ocrx_word' id='word_1_65' title='bbox 1296 712 1380 760; x_wconf 89' lang='lat' dir='ltr'><strong>sed</strong></span> <span class='ocrx_word' id='word_1_66' title='bbox 1405 715 1502 761; x_wconf 87' lang='lat' dir='ltr'><strong>vim</strong></span> <span class='ocrx_word' id='word_1_67' title='bbox 1532 715 1820 781; x_wconf 84' lang='lat' dir='ltr'><strong>sempiterne</strong></span> <span class='ocrx_word' id='word_1_68' title='bbox 1852 726 2127 764; x_wconf 90' lang='lat' dir='ltr'><strong>manentem</strong></span> <span class='ocrx_word' id='word_1_69' title='bbox 2156 727 2205 765; x_wconf 94' lang='lat' dir='ltr'><strong>et</strong></span> <span class='ocrx_word' id='word_1_70' title='bbox 2228 729 2346 765; x_wconf 88' lang='lat' dir='ltr'><strong>tem-</strong></span> 
     </span>
     <span class='ocr_line' id='line_1_8' title="bbox 219 790 2349 863; baseline 0.003 -25"><span class='ocrx_word' id='word_1_71' title='bbox 219 791 447 856; x_wconf 87' lang='lat' dir='ltr'><strong>poraliter</strong></span> <span class='ocrx_word' id='word_1_72' title='bbox 491 800 789 856; x_wconf 85' lang='lat' dir='ltr'><strong>operantem.</strong></span> <span class='ocrx_word' id='word_1_73' title='bbox 812 810 837 836; x_wconf 87' lang='lat'>»</span> <span class='ocrx_word' id='word_1_74' title='bbox 874 790 1009 839; x_wconf 92' lang='lat' dir='ltr'><strong>Idem</strong></span> <span class='ocrx_word' id='word_1_75' title='bbox 1049 791 1099 839; x_wconf 93' lang='lat' dir='ltr'><strong>in</strong></span> <span class='ocrx_word' id='word_1_76' title='bbox 1138 791 1227 858; x_wconf 70' lang='lat' dir='ltr'><strong>lib,</strong></span> <span class='ocrx_word' id='word_1_77' title='bbox 1253 794 1435 840; x_wconf 80' lang='lat' dir='ltr'><strong>Contra</strong></span> <span class='ocrx_word' id='word_1_78' title='bbox 1472 799 1515 841; x_wconf 94' lang='lat' dir='ltr'><em>V</em></span> <span class='ocrx_word' id='word_1_79' title='bbox 1550 798 1816 843; x_wconf 80' lang='lat' dir='ltr'><strong>Haereses’:</strong></span> <span class='ocrx_word' id='word_1_80' title='bbox 1847 800 1941 843; x_wconf 87' lang='lat' dir='ltr'><strong>«ln</strong></span> <span class='ocrx_word' id='word_1_81' title='bbox 1983 798 2222 863; x_wconf 89' lang='lat' dir='ltr'><strong>principio</strong></span> <span class='ocrx_word' id='word_1_82' title='bbox 2249 809 2349 846; x_wconf 89' lang='lat' dir='ltr'><strong>erat</strong></span> 
     </span>
     <span class='ocr_line' id='line_1_9' title="bbox 219 869 2347 941; baseline 0.005 -26"><span class='ocrx_word' id='word_1_83' title='bbox 219 869 429 918; x_wconf 89' lang='lat' dir='ltr'><strong>Verbum</strong></span> <span class='ocrx_word' id='word_1_84' title='bbox 443 907 455 930; x_wconf 91' lang='lat'><strong>,</strong></span> <span class='ocrx_word' id='word_1_85' title='bbox 470 889 494 933; x_wconf 80' lang='lat'><strong>’&#39;.</strong></span> <span class='ocrx_word' id='word_1_86' title='bbox 529 871 697 918; x_wconf 87' lang='lat' dir='ltr'><strong>melius</strong></span> <span class='ocrx_word' id='word_1_87' title='bbox 718 871 869 919; x_wconf 87' lang='lat' dir='ltr'><strong>Graeci</strong></span> <span class='ocrx_word' id='word_1_88' title='bbox 889 874 1034 937; x_wconf 78' lang='lat' dir='ltr'><strong>Logos</strong></span> <span class='ocrx_word' id='word_1_89' title='bbox 1055 870 1247 931; x_wconf 88' lang='lat' dir='ltr'><strong>dicunt;</strong></span> <span class='ocrx_word' id='word_1_90' title='bbox 1277 875 1432 937; x_wconf 85' lang='lat' dir='ltr'><strong>Logos</strong></span> <span class='ocrx_word' id='word_1_91' title='bbox 1454 876 1632 941; x_wconf 89' lang='lat' dir='ltr'><strong>quippe</strong></span> <span class='ocrx_word' id='word_1_92' title='bbox 1658 874 1857 923; x_wconf 88' lang='lat' dir='ltr'><strong>verbum</strong></span> <span class='ocrx_word' id='word_1_93' title='bbox 1881 876 2113 940; x_wconf 88' lang='lat' dir='ltr'><strong>significat</strong></span> <span class='ocrx_word' id='word_1_94' title='bbox 2134 887 2181 924; x_wconf 87' lang='lat' dir='ltr'><strong>et</strong></span> <span class='ocrx_word' id='word_1_95' title='bbox 2203 879 2347 925; x_wconf 88' lang='lat' dir='ltr'><strong>ratio·</strong></span> 
     </span>
     <span class='ocr_line' id='line_1_10' title="bbox 218 950 2347 1016; baseline 0.004 -19"><span class='ocrx_word' id='word_1_96' title='bbox 218 966 347 998; x_wconf 87' lang='lat' dir='ltr'><strong>nem.</strong></span> <span class='ocrx_word' id='word_1_97' title='bbox 370 971 393 994; x_wconf 83' lang='lat'>»</span> <span class='ocrx_word' id='word_1_98' title='bbox 428 953 508 1011; x_wconf 88' lang='lat' dir='ltr'><strong>De</strong></span> <span class='ocrx_word' id='word_1_99' title='bbox 536 952 634 1016; x_wconf 90' lang='lat' dir='ltr'><strong>quo</strong></span> <span class='ocrx_word' id='word_1_100' title='bbox 669 951 813 999; x_wconf 91' lang='lat' dir='ltr'><strong>etiam</strong></span> <span class='ocrx_word' id='word_1_101' title='bbox 850 950 1005 999; x_wconf 89' lang='lat' dir='ltr'><strong>Verbo</strong></span> <span class='ocrx_word' id='word_1_102' title='bbox 1036 951 1086 999; x_wconf 91' lang='lat' dir='ltr'><strong>in</strong></span> <span class='ocrx_word' id='word_1_103' title='bbox 1117 968 1200 999; x_wconf 85' lang='lat' dir='ltr'><strong>vm</strong></span> <span class='ocrx_word' id='word_1_104' title='bbox 1233 951 1290 999; x_wconf 87' lang='lat' dir='ltr'><strong>dc</strong></span> <span class='ocrx_word' id='word_1_105' title='bbox 1317 955 1549 1002; x_wconf 79' lang='lat' dir='ltr'><strong>Trinitate</strong></span> <span class='ocrx_word' id='word_1_106' title='bbox 1570 955 1633 1003; x_wconf 92' lang='lat' dir='ltr'><strong>ait</strong></span> <span class='ocrx_word' id='word_1_107' title='bbox 1660 973 1671 1001; x_wconf 80' lang='lat' dir='ltr'><strong><em>z</em></strong></span> <span class='ocrx_word' id='word_1_108' title='bbox 1703 955 1951 1003; x_wconf 85' lang='lat' dir='ltr'><strong>«Verbum</strong></span> <span class='ocrx_word' id='word_1_109' title='bbox 1974 955 2153 1004; x_wconf 91' lang='lat' dir='ltr'><strong>idcirco</strong></span> <span class='ocrx_word' id='word_1_110' title='bbox 2179 957 2347 1005; x_wconf 91' lang='lat' dir='ltr'><strong>Filium</strong></span> 
     </span>
     <span class='ocr_line' id='line_1_11' title="bbox 217 1031 2349 1103; baseline 0.004 -26"><span class='ocrx_word' id='word_1_111' title='bbox 217 1031 529 1096; x_wconf 83' lang='lat' dir='ltr'><strong>nuncupavit,</strong></span> <span class='ocrx_word' id='word_1_112' title='bbox 557 1041 611 1079; x_wconf 89' lang='lat' dir='ltr'><strong>ut</strong></span> <span class='ocrx_word' id='word_1_113' title='bbox 631 1031 903 1080; x_wconf 90' lang='lat' dir='ltr'><strong>ostenderet</strong></span> <span class='ocrx_word' id='word_1_114' title='bbox 925 1031 986 1080; x_wconf 89' lang='lat' dir='ltr'><strong>de</strong></span> <span class='ocrx_word' id='word_1_115' title='bbox 1008 1048 1058 1080; x_wconf 88' lang='lat' dir='ltr'><strong>se</strong></span> <span class='ocrx_word' id='word_1_116' title='bbox 1087 1032 1222 1080; x_wconf 88' lang='lat' dir='ltr'><strong>illum</strong></span> <span class='ocrx_word' id='word_1_117' title='bbox 1251 1034 1473 1083; x_wconf 70' lang='lat' dir='ltr'><strong>extitisse.</strong></span> <span class='ocrx_word' id='word_1_118' title='bbox 1500 1055 1522 1079; x_wconf 80' lang='grc'>»</span> <span class='ocrx_word' id='word_1_119' title='bbox 1547 1035 1693 1094; x_wconf 87' lang='lat' dir='ltr'><strong>Quod</strong></span> <span class='ocrx_word' id='word_1_120' title='bbox 1716 1045 1876 1083; x_wconf 91' lang='lat' dir='ltr'><strong>autem</strong></span> <span class='ocrx_word' id='word_1_121' title='bbox 1899 1035 2115 1084; x_wconf 84' lang='lat' dir='ltr'><strong>Verbum</strong></span> <span class='ocrx_word' id='word_1_122' title='bbox 2137 1038 2226 1085; x_wconf 90' lang='lat' dir='ltr'><strong>Dei</strong></span> <span class='ocrx_word' id='word_1_123' title='bbox 2248 1038 2349 1103; x_wconf 90' lang='lat' dir='ltr'><strong>ipsa</strong></span> 
     </span>
     <span class='ocr_line' id='line_1_12' title="bbox 218 1111 2343 1179; baseline 0.003 -21"><span class='ocrx_word' id='word_1_124' title='bbox 218 1111 320 1175; x_wconf 90' lang='lat' dir='ltr'><strong>ejus</strong></span> <span class='ocrx_word' id='word_1_125' title='bbox 347 1112 590 1178; x_wconf 88' lang='lat' dir='ltr'><strong>Sapientia</strong></span> <span class='ocrx_word' id='word_1_126' title='bbox 611 1113 672 1160; x_wconf 89' lang='lat' dir='ltr'><strong>sit</strong></span> <span class='ocrx_word' id='word_1_127' title='bbox 691 1113 1071 1178; x_wconf 89' lang='lat' dir='ltr'><strong>intelligendum,</strong></span> <span class='ocrx_word' id='word_1_128' title='bbox 1097 1124 1258 1179; x_wconf 87' lang='lat' dir='ltr'><strong>aperte</strong></span> <span class='ocrx_word' id='word_1_129' title='bbox 1282 1115 1330 1162; x_wconf 92' lang='lat' dir='ltr'><strong>in</strong></span> <span class='ocrx_word' id='word_1_130' title='bbox 1354 1116 1684 1164; x_wconf 78' lang='lat' dir='ltr'><strong>Ecclesiastico</strong></span> <span class='ocrx_word' id='word_1_131' title='bbox 1715 1126 2013 1177; x_wconf 27' lang='lat' dir='ltr'><strong>monstratur·</strong></span> <span class='ocrx_word' id='word_1_132' title='bbox 2036 1117 2113 1165; x_wconf 90' lang='lat' dir='ltr'><strong>his</strong></span> <span class='ocrx_word' id='word_1_133' title='bbox 2134 1117 2313 1167; x_wconf 80' lang='lat' dir='ltr'><strong>verbis⁸</strong></span> <span class='ocrx_word' id='word_1_134' title='bbox 2333 1138 2343 1165; x_wconf 90' lang='lat'>:</span> 
     </span>
     <span class='ocr_line' id='line_1_13' title="bbox 222 1191 2341 1263; baseline 0.003 -25"><span class='ocrx_word' id='word_1_135' title='bbox 222 1210 245 1234; x_wconf 73' lang='grc' dir='ltr'><strong>α</strong></span> <span class='ocrx_word' id='word_1_136' title='bbox 271 1191 443 1239; x_wconf 90' lang='lat' dir='ltr'><strong>Omnis</strong></span> <span class='ocrx_word' id='word_1_137' title='bbox 461 1193 692 1258; x_wconf 88' lang='lat' dir='ltr'><strong>sapientia</strong></span> <span class='ocrx_word' id='word_1_138' title='bbox 713 1210 741 1241; x_wconf 90' lang='lat' dir='ltr'><strong>a</strong></span> <span class='ocrx_word' id='word_1_139' title='bbox 762 1195 973 1242; x_wconf 90' lang='lat' dir='ltr'><strong>Domino</strong></span> <span class='ocrx_word' id='word_1_140' title='bbox 998 1196 1100 1241; x_wconf 91' lang='lat' dir='ltr'><strong>Deo</strong></span> <span class='ocrx_word' id='word_1_141' title='bbox 1123 1205 1210 1254; x_wconf 91' lang='lat' dir='ltr'><strong>est,</strong></span> <span class='ocrx_word' id='word_1_142' title='bbox 1232 1205 1277 1242; x_wconf 93' lang='lat' dir='ltr'><strong>et</strong></span> <span class='ocrx_word' id='word_1_143' title='bbox 1298 1211 1409 1243; x_wconf 85' lang='lat' dir='ltr'><strong>curn</strong></span> <span class='ocrx_word' id='word_1_144' title='bbox 1433 1195 1516 1243; x_wconf 94' lang='lat' dir='ltr'><strong>illo</strong></span> <span class='ocrx_word' id='word_1_145' title='bbox 1540 1196 1627 1244; x_wconf 85' lang='lat' dir='ltr'><strong>fuit</strong></span> <span class='ocrx_word' id='word_1_146' title='bbox 1651 1214 1856 1263; x_wconf 86' lang='lat' dir='ltr'><strong>semper,</strong></span> <span class='ocrx_word' id='word_1_147' title='bbox 1882 1207 1930 1245; x_wconf 91' lang='lat' dir='ltr'><strong>et</strong></span> <span class='ocrx_word' id='word_1_148' title='bbox 1951 1206 2022 1246; x_wconf 91' lang='lat' dir='ltr'><strong>est</strong></span> <span class='ocrx_word' id='word_1_149' title='bbox 2039 1208 2150 1246; x_wconf 88' lang='lat' dir='ltr'><strong>ante</strong></span> <span class='ocrx_word' id='word_1_150' title='bbox 2171 1215 2341 1247; x_wconf 85' lang='lat' dir='ltr'><strong>aevum.</strong></span> 
     </span>
     <span class='ocr_line' id='line_1_14' title="bbox 218 1271 2348 1340; baseline 0.004 -22"><span class='ocrx_word' id='word_1_151' title='bbox 218 1271 511 1337; x_wconf 84' lang='lat' dir='ltr'><strong>Sapientiam</strong></span> <span class='ocrx_word' id='word_1_152' title='bbox 548 1273 896 1339; x_wconf 82' lang='lat' dir='ltr'><strong>praecedentem</strong></span> <span class='ocrx_word' id='word_1_153' title='bbox 935 1274 1099 1322; x_wconf 90' lang='lat' dir='ltr'><strong>omnia</strong></span> <span class='ocrx_word' id='word_1_154' title='bbox 1135 1274 1241 1339; x_wconf 91' lang='lat' dir='ltr'><strong>quis</strong></span> <span class='ocrx_word' id='word_1_155' title='bbox 1282 1276 1618 1340; x_wconf 77' lang='lat' dir='ltr'><strong>investigavit?</strong></span> <span class='ocrx_word' id='word_1_156' title='bbox 1655 1278 1791 1324; x_wconf 84' lang='lat' dir='ltr'><strong>Prior</strong></span> <span class='ocrx_word' id='word_1_157' title='bbox 1825 1279 2045 1326; x_wconf 90' lang='lat' dir='ltr'><strong>omnium</strong></span> <span class='ocrx_word' id='word_1_158' title='bbox 2082 1288 2239 1328; x_wconf 89' lang='lat' dir='ltr'><strong>creata</strong></span> <span class='ocrx_word' id='word_1_159' title='bbox 2278 1290 2348 1327; x_wconf 92' lang='lat' dir='ltr'><strong>est</strong></span> 
     </span>
     <span class='ocr_line' id='line_1_15' title="bbox 216 1352 2346 1423; baseline 0.004 -24"><span class='ocrx_word' id='word_1_160' title='bbox 216 1352 473 1417; x_wconf 87' lang='lat' dir='ltr'><strong>sapientia,</strong></span> <span class='ocrx_word' id='word_1_161' title='bbox 504 1363 550 1401; x_wconf 92' lang='lat' dir='ltr'><strong>et</strong></span> <span class='ocrx_word' id='word_1_162' title='bbox 583 1354 851 1403; x_wconf 87' lang='lat' dir='ltr'><strong>intellectus</strong></span> <span class='ocrx_word' id='word_1_163' title='bbox 883 1354 1122 1420; x_wconf 84' lang='lat' dir='ltr'><strong>sapientiae</strong></span> <span class='ocrx_word' id='word_1_164' title='bbox 1152 1354 1214 1402; x_wconf 90' lang='lat' dir='ltr'><strong>ab</strong></span> <span class='ocrx_word' id='word_1_165' title='bbox 1243 1372 1361 1403; x_wconf 85' lang='lat' dir='ltr'><strong>aevo.</strong></span> <span class='ocrx_word' id='word_1_166' title='bbox 1393 1359 1520 1404; x_wconf 86' lang='lat' dir='ltr'><strong>Fons</strong></span> <span class='ocrx_word' id='word_1_167' title='bbox 1551 1358 1791 1423; x_wconf 85' lang='lat' dir='ltr'><strong>sapientiae</strong></span> <span class='ocrx_word' id='word_1_168' title='bbox 1816 1358 2028 1406; x_wconf 86' lang='lat' dir='ltr'><strong>Verbum</strong></span> <span class='ocrx_word' id='word_1_169' title='bbox 2063 1360 2149 1406; x_wconf 89' lang='lat' dir='ltr'><strong>Dei</strong></span> <span class='ocrx_word' id='word_1_170' title='bbox 2185 1360 2234 1406; x_wconf 92' lang='lat' dir='ltr'><strong>in</strong></span> <span class='ocrx_word' id='word_1_171' title='bbox 2266 1376 2346 1407; x_wconf 88' lang='lat' dir='ltr'><strong>ex-</strong></span> 
     </span>
     <span class='ocr_line' id='line_1_16' title="bbox 217 1432 2344 1503; baseline 0.004 -25"><span class='ocrx_word' id='word_1_172' title='bbox 217 1432 370 1494; x_wconf 88' lang='lat' dir='ltr'><strong>celsis,</strong></span> <span class='ocrx_word' id='word_1_173' title='bbox 408 1442 500 1481; x_wconf 89' lang='lat' dir='ltr'><strong>etc.</strong></span> <span class='ocrx_word' id='word_1_174' title='bbox 523 1454 545 1477; x_wconf 85' lang='lat'>»</span> <span class='ocrx_word' id='word_1_175' title='bbox 572 1437 641 1482; x_wconf 92' lang='lat' dir='ltr'><strong>Ne</strong></span> <span class='ocrx_word' id='word_1_176' title='bbox 675 1435 861 1483; x_wconf 90' lang='lat' dir='ltr'><strong>mireris</strong></span> <span class='ocrx_word' id='word_1_177' title='bbox 889 1435 947 1496; x_wconf 90' lang='lat' dir='ltr'><strong>si,</strong></span> <span class='ocrx_word' id='word_1_178' title='bbox 982 1444 1034 1482; x_wconf 91' lang='lat' dir='ltr'><strong>ut</strong></span> <span class='ocrx_word' id='word_1_179' title='bbox 1066 1434 1284 1497; x_wconf 87' lang='lat' dir='ltr'><strong>dixerim,</strong></span> <span class='ocrx_word' id='word_1_180' title='bbox 1318 1437 1416 1502; x_wconf 86' lang='lat' dir='ltr'><strong>ipse</strong></span> <span class='ocrx_word' id='word_1_181' title='bbox 1442 1453 1637 1502; x_wconf 87' lang='lat' dir='ltr'><strong>quoque</strong></span> <span class='ocrx_word' id='word_1_182' title='bbox 1660 1447 1922 1503; x_wconf 87' lang='lat' dir='ltr'><strong>conceptus</strong></span> <span class='ocrx_word' id='word_1_183' title='bbox 1950 1440 2122 1486; x_wconf 87' lang='lat' dir='ltr'><strong>mentis</strong></span> <span class='ocrx_word' id='word_1_184' title='bbox 2146 1439 2344 1487; x_wconf 88' lang='lat' dir='ltr'><strong>verbum</strong></span> 
     </span>
     <span class='ocr_line' id='line_1_17' title="bbox 216 1511 2347 1578; baseline 0.004 -20"><span class='ocrx_word' id='word_1_185' title='bbox 216 1511 420 1575; x_wconf 89' lang='lat' dir='ltr'><strong>dicatur,</strong></span> <span class='ocrx_word' id='word_1_186' title='bbox 457 1514 686 1562; x_wconf 91' lang='lat' dir='ltr'><strong>translato</strong></span> <span class='ocrx_word' id='word_1_187' title='bbox 718 1514 777 1562; x_wconf 88' lang='lat' dir='ltr'><strong>de</strong></span> <span class='ocrx_word' id='word_1_188' title='bbox 800 1514 971 1563; x_wconf 83' lang='lat' dir='ltr'><strong>effectu</strong></span> <span class='ocrx_word' id='word_1_189' title='bbox 1004 1514 1067 1562; x_wconf 91' lang='lat' dir='ltr'><strong>ad</strong></span> <span class='ocrx_word' id='word_1_190' title='bbox 1090 1531 1284 1564; x_wconf 88' lang='lat' dir='ltr'><strong>causam</strong></span> <span class='ocrx_word' id='word_1_191' title='bbox 1306 1516 1560 1578; x_wconf 87' lang='lat' dir='ltr'><strong>vocabulo,</strong></span> <span class='ocrx_word' id='word_1_192' title='bbox 1593 1533 1704 1565; x_wconf 91' lang='lat' dir='ltr'><strong>cum</strong></span> <span class='ocrx_word' id='word_1_193' title='bbox 1733 1535 1760 1566; x_wconf 92' lang='lat' dir='ltr'><strong>e</strong></span> <span class='ocrx_word' id='word_1_194' title='bbox 1782 1534 2016 1567; x_wconf 88' lang='lat' dir='ltr'><strong>converso</strong></span> <span class='ocrx_word' id='word_1_195' title='bbox 2040 1518 2101 1566; x_wconf 87' lang='lat' dir='ltr'><strong>de</strong></span> <span class='ocrx_word' id='word_1_196' title='bbox 2122 1535 2264 1566; x_wconf 89' lang='lat' dir='ltr'><strong>causa</strong></span> <span class='ocrx_word' id='word_1_197' title='bbox 2285 1520 2347 1567; x_wconf 91' lang='lat' dir='ltr'><strong>ad</strong></span> 
     </span>
     <span class='ocr_line' id='line_1_18' title="bbox 218 1591 2347 1663; baseline 0.003 -24"><span class='ocrx_word' id='word_1_198' title='bbox 218 1591 442 1640; x_wconf 86' lang='lat' dir='ltr'><strong>effectum</strong></span> <span class='ocrx_word' id='word_1_199' title='bbox 479 1594 615 1642; x_wconf 86' lang='lat' dir='ltr'><strong>factis</strong></span> <span class='ocrx_word' id='word_1_200' title='bbox 645 1596 884 1660; x_wconf 89' lang='lat' dir='ltr'><strong>plerisque</strong></span> <span class='ocrx_word' id='word_1_201' title='bbox 919 1604 1110 1644; x_wconf 89' lang='lat' dir='ltr'><strong>utamur</strong></span> <span class='ocrx_word' id='word_1_202' title='bbox 1146 1596 1550 1645; x_wconf 86' lang='lat' dir='ltr'><strong>translationibus.</strong></span> <span class='ocrx_word' id='word_1_203' title='bbox 1590 1598 1730 1646; x_wconf 88' lang='lat' dir='ltr'><strong>Unde</strong></span> <span class='ocrx_word' id='word_1_204' title='bbox 1763 1608 1812 1646; x_wconf 90' lang='lat' dir='ltr'><strong>et</strong></span> <span class='ocrx_word' id='word_1_205' title='bbox 1844 1599 2004 1663; x_wconf 90' lang='lat' dir='ltr'><strong>ipsum</strong></span> <span class='ocrx_word' id='word_1_206' title='bbox 2035 1598 2347 1663; x_wconf 83' lang='lat' dir='ltr'><strong>eleemosynae</strong></span> 
     </span>
     <span class='ocr_line' id='line_1_19' title="bbox 216 1671 2345 1741; baseline 0.003 -22"><span class='ocrx_word' id='word_1_207' title='bbox 216 1671 523 1736; x_wconf 86' lang='lat' dir='ltr'><strong>beneficium,</strong></span> <span class='ocrx_word' id='word_1_208' title='bbox 553 1692 652 1740; x_wconf 91' lang='lat' dir='ltr'><strong>quo</strong></span> <span class='ocrx_word' id='word_1_209' title='bbox 674 1676 892 1741; x_wconf 91' lang='lat' dir='ltr'><strong>impenso</strong></span> <span class='ocrx_word' id='word_1_210' title='bbox 916 1676 1121 1724; x_wconf 81' lang='lat' dir='ltr'><strong>maxime</strong></span> <span class='ocrx_word' id='word_1_211' title='bbox 1148 1676 1321 1724; x_wconf 86' lang='lat' dir='ltr'><strong>caritas</strong></span> <span class='ocrx_word' id='word_1_212' title='bbox 1342 1676 1499 1724; x_wconf 87' lang='lat' dir='ltr'><strong>dantis</strong></span> <span class='ocrx_word' id='word_1_213' title='bbox 1523 1677 1795 1737; x_wconf 86' lang='lat' dir='ltr'><strong>innotescit,</strong></span> <span class='ocrx_word' id='word_1_214' title='bbox 1827 1679 2071 1726; x_wconf 87' lang='lat' dir='ltr'><strong>caritatem</strong></span> <span class='ocrx_word' id='word_1_215' title='bbox 2102 1694 2345 1726; x_wconf 90' lang='lat' dir='ltr'><strong>nonnum-</strong></span> 
     </span>
     <span class='ocr_line' id='line_1_20' title="bbox 216 1754 2349 1824; baseline 0.003 -25"><span class='ocrx_word' id='word_1_216' title='bbox 216 1769 364 1817; x_wconf 89' lang='lat' dir='ltr'><strong>quam</strong></span> <span class='ocrx_word' id='word_1_217' title='bbox 386 1754 700 1820; x_wconf 85' lang='lat' dir='ltr'><strong>appellamus,</strong></span> <span class='ocrx_word' id='word_1_218' title='bbox 725 1765 773 1803; x_wconf 92' lang='lat' dir='ltr'><strong>et</strong></span> <span class='ocrx_word' id='word_1_219' title='bbox 804 1757 957 1821; x_wconf 90' lang='lat' dir='ltr'><strong>ipsam</strong></span> <span class='ocrx_word' id='word_1_220' title='bbox 980 1756 1256 1822; x_wconf 83' lang='lat' dir='ltr'><strong>poenitentis</strong></span> <span class='ocrx_word' id='word_1_221' title='bbox 1287 1757 1658 1805; x_wconf 83' lang='lat' dir='ltr'><strong>satisfactionem</strong></span> <span class='ocrx_word' id='word_1_222' title='bbox 1692 1758 1891 1807; x_wconf 89' lang='lat' dir='ltr'><strong>nomine</strong></span> <span class='ocrx_word' id='word_1_223' title='bbox 1918 1759 2209 1824; x_wconf 89' lang='lat' dir='ltr'><strong>poenitentiae</strong></span> <span class='ocrx_word' id='word_1_224' title='bbox 2228 1759 2349 1807; x_wconf 89' lang='lat' dir='ltr'><strong>desi-</strong></span> 
     </span>
     <span class='ocr_line' id='line_1_21' title="bbox 216 1835 2348 1906; baseline 0.003 -26"><span class='ocrx_word' id='word_1_225' title='bbox 216 1849 435 1897; x_wconf 86' lang='lat' dir='ltr'><strong>gnamus,</strong></span> <span class='ocrx_word' id='word_1_226' title='bbox 462 1851 574 1882; x_wconf 91' lang='lat' dir='ltr'><strong>cum</strong></span> <span class='ocrx_word' id='word_1_227' title='bbox 604 1846 734 1883; x_wconf 88' lang='lat' dir='ltr'><strong>recte</strong></span> <span class='ocrx_word' id='word_1_228' title='bbox 759 1836 930 1884; x_wconf 90' lang='lat' dir='ltr'><strong>caritas</strong></span> <span class='ocrx_word' id='word_1_229' title='bbox 953 1852 1053 1883; x_wconf 94' lang='lat' dir='ltr'><strong>non</strong></span> <span class='ocrx_word' id='word_1_230' title='bbox 1083 1835 1285 1895; x_wconf 87' lang='lat' dir='ltr'><strong>dicatur,</strong></span> <span class='ocrx_word' id='word_1_231' title='bbox 1313 1837 1404 1884; x_wconf 91' lang='lat' dir='ltr'><strong>nisi</strong></span> <span class='ocrx_word' id='word_1_232' title='bbox 1434 1836 1656 1899; x_wconf 84' lang='lat' dir='ltr'><strong>dilecti03</strong></span> <span class='ocrx_word' id='word_1_233' title='bbox 1685 1855 1774 1886; x_wconf 90' lang='lat' dir='ltr'><strong>nec</strong></span> <span class='ocrx_word' id='word_1_234' title='bbox 1796 1839 2093 1904; x_wconf 84' lang='lat' dir='ltr'><strong>poenitentia,</strong></span> <span class='ocrx_word' id='word_1_235' title='bbox 2128 1839 2218 1886; x_wconf 91' lang='lat' dir='ltr'><strong>nisi</strong></span> <span class='ocrx_word' id='word_1_236' title='bbox 2249 1841 2348 1906; x_wconf 87' lang='lat' dir='ltr'><strong>ipse</strong></span> 
     </span>
     <span class='ocr_line' id='line_1_22' title="bbox 215 1913 2347 1984; baseline 0.003 -24"><span class='ocrx_word' id='word_1_237' title='bbox 215 1913 362 1960; x_wconf 90' lang='lat' dir='ltr'><strong>animi</strong></span> <span class='ocrx_word' id='word_1_238' title='bbox 393 1913 552 1976; x_wconf 91' lang='lat' dir='ltr'><strong>dolor,</strong></span> <span class='ocrx_word' id='word_1_239' title='bbox 584 1915 695 1964; x_wconf 91' lang='lat' dir='ltr'><strong>licet</strong></span> <span class='ocrx_word' id='word_1_240' title='bbox 716 1916 859 1964; x_wconf 88' lang='lat' dir='ltr'><strong>etiam</strong></span> <span class='ocrx_word' id='word_1_241' title='bbox 885 1917 1046 1982; x_wconf 89' lang='lat' dir='ltr'><strong>ipsum</strong></span> <span class='ocrx_word' id='word_1_242' title='bbox 1083 1925 1257 1964; x_wconf 85' lang='lat' dir='ltr'><strong>nostrae</strong></span> <span class='ocrx_word' id='word_1_243' title='bbox 1291 1918 1466 1964; x_wconf 89' lang='lat' dir='ltr'><strong>mentis</strong></span> <span class='ocrx_word' id='word_1_244' title='bbox 1494 1927 1783 1984; x_wconf 88' lang='lat' dir='ltr'><strong>conceptum</strong></span> <span class='ocrx_word' id='word_1_245' title='bbox 1816 1919 1963 1984; x_wconf 92' lang='lat' dir='ltr'><strong>ipsius</strong></span> <span class='ocrx_word' id='word_1_246' title='bbox 1986 1920 2220 1968; x_wconf 87' lang='lat' dir='ltr'><strong>sermonis</strong></span> <span class='ocrx_word' id='word_1_247' title='bbox 2253 1929 2347 1967; x_wconf 86' lang='lat' dir='ltr'><strong>tam</strong></span> 
     </span>
     <span class='ocr_line' id='line_1_23' title="bbox 214 1987 2349 2063; baseline 0.003 -23"><span class='ocrx_word' id='word_1_248' title='bbox 214 1991 438 2041; x_wconf 81' lang='lat' dir='ltr'><strong>effectum</strong></span> <span class='ocrx_word' id='word_1_249' title='bbox 460 1987 606 2058; x_wconf 89' lang='lat' dir='ltr'><strong>quam</strong></span> <span class='ocrx_word' id='word_1_250' title='bbox 629 2013 820 2044; x_wconf 90' lang='lat' dir='ltr'><strong>causam</strong></span> <span class='ocrx_word' id='word_1_251' title='bbox 841 2013 1039 2062; x_wconf 91' lang='lat' dir='ltr'><strong>ponere,</strong></span> <span class='ocrx_word' id='word_1_252' title='bbox 1066 1997 1114 2044; x_wconf 92' lang='lat' dir='ltr'><strong>in</strong></span> <span class='ocrx_word' id='word_1_253' title='bbox 1139 1997 1412 2063; x_wconf 86' lang='lat' dir='ltr'><strong>proferente</strong></span> <span class='ocrx_word' id='word_1_254' title='bbox 1434 1997 1633 2063; x_wconf 91' lang='lat' dir='ltr'><strong>quidem</strong></span> <span class='ocrx_word' id='word_1_255' title='bbox 1655 2014 1867 2061; x_wconf 87' lang='lat' dir='ltr'><strong>causam,</strong></span> <span class='ocrx_word' id='word_1_256' title='bbox 1893 1999 1943 2046; x_wconf 91' lang='lat' dir='ltr'><strong>in</strong></span> <span class='ocrx_word' id='word_1_257' title='bbox 1966 1998 2191 2048; x_wconf 86' lang='lat' dir='ltr'><strong>audiente</strong></span> <span class='ocrx_word' id='word_1_258' title='bbox 2214 2000 2349 2047; x_wconf 86' lang='lat' dir='ltr'><strong>effec-</strong></span> 
     </span>
     <span class='ocr_line' id='line_1_24' title="bbox 214 2076 2348 2143; baseline 0.003 -24"><span class='ocrx_word' id='word_1_259' title='bbox 214 2082 336 2134; x_wconf 89' lang='lat' dir='ltr'><strong>tum,</strong></span> <span class='ocrx_word' id='word_1_260' title='bbox 368 2076 482 2139; x_wconf 91' lang='lat' dir='ltr'><strong>quia</strong></span> <span class='ocrx_word' id='word_1_261' title='bbox 514 2085 562 2122; x_wconf 88' lang='lat' dir='ltr'><strong>et</strong></span> <span class='ocrx_word' id='word_1_262' title='bbox 588 2093 746 2124; x_wconf 89' lang='lat' dir='ltr'><strong>sermo</strong></span> <span class='ocrx_word' id='word_1_263' title='bbox 769 2077 870 2142; x_wconf 88' lang='lat' dir='ltr'><strong>ipse</strong></span> <span class='ocrx_word' id='word_1_264' title='bbox 896 2076 1138 2141; x_wconf 90' lang='lat' dir='ltr'><strong>loquentis</strong></span> <span class='ocrx_word' id='word_1_265' title='bbox 1166 2077 1228 2125; x_wconf 92' lang='lat' dir='ltr'><strong>ab</strong></span> <span class='ocrx_word' id='word_1_266' title='bbox 1251 2077 1359 2142; x_wconf 75' lang='lat' dir='ltr'><strong>ejus</strong></span> <span class='ocrx_word' id='word_1_267' title='bbox 1389 2078 1633 2126; x_wconf 88' lang='lat' dir='ltr'><strong>intellectu</strong></span> <span class='ocrx_word' id='word_1_268' title='bbox 1657 2077 1975 2143; x_wconf 81' lang='lat' dir='ltr'><strong>proficiscens¹</strong></span> <span class='ocrx_word' id='word_1_269' title='bbox 1991 2088 2260 2143; x_wconf 87' lang='lat' dir='ltr'><strong>generatur,</strong></span> <span class='ocrx_word' id='word_1_270' title='bbox 2297 2089 2348 2126; x_wconf 91' lang='lat' dir='ltr'><strong>ut</strong></span> 
     </span>
     <span class='ocr_line' id='line_1_25' title="bbox 213 2154 2347 2223; baseline 0.003 -23"><span class='ocrx_word' id='word_1_271' title='bbox 213 2154 439 2202; x_wconf 89' lang='lat' dir='ltr'><strong>eumdem</strong></span> <span class='ocrx_word' id='word_1_272' title='bbox 471 2171 636 2203; x_wconf 88' lang='lat' dir='ltr'><strong>rursus</strong></span> <span class='ocrx_word' id='word_1_273' title='bbox 666 2157 714 2203; x_wconf 92' lang='lat' dir='ltr'><strong>in</strong></span> <span class='ocrx_word' id='word_1_274' title='bbox 751 2157 970 2205; x_wconf 88' lang='lat' dir='ltr'><strong>auditore</strong></span> <span class='ocrx_word' id='word_1_275' title='bbox 1001 2166 1197 2220; x_wconf 83' lang='lat' dir='ltr'><strong>generet</strong></span> <span class='ocrx_word' id='word_1_276' title='bbox 1231 2157 1544 2205; x_wconf 89' lang='lat' dir='ltr'><strong>intellectum.</strong></span> <span class='ocrx_word' id='word_1_277' title='bbox 1576 2161 1668 2205; x_wconf 87' lang='lat' dir='ltr'><strong>Pro</strong></span> <span class='ocrx_word' id='word_1_278' title='bbox 1696 2158 1787 2206; x_wconf 89' lang='lat' dir='ltr'><strong>hac</strong></span> <span class='ocrx_word' id='word_1_279' title='bbox 1817 2159 1978 2223; x_wconf 89' lang='lat' dir='ltr'><strong>itaque</strong></span> <span class='ocrx_word' id='word_1_280' title='bbox 2015 2159 2220 2206; x_wconf 88' lang='lat' dir='ltr'><strong>maxima</strong></span> <span class='ocrx_word' id='word_1_281' title='bbox 2252 2174 2347 2206; x_wconf 87' lang='lat' dir='ltr'><strong>ser·</strong></span> 
     </span>
     <span class='ocr_line' id='line_1_26' title="bbox 214 2236 2345 2300; baseline 0.002 -19"><span class='ocrx_word' id='word_1_282' title='bbox 214 2251 416 2282; x_wconf 89' lang='lat' dir='ltr'><strong>monum</strong></span> <span class='ocrx_word' id='word_1_283' title='bbox 440 2245 487 2282; x_wconf 88' lang='lat' dir='ltr'><strong>et</strong></span> <span class='ocrx_word' id='word_1_284' title='bbox 509 2236 838 2284; x_wconf 91' lang='lat' dir='ltr'><strong>intellectuum</strong></span> <span class='ocrx_word' id='word_1_285' title='bbox 859 2237 1147 2300; x_wconf 86' lang='lat' dir='ltr'><strong>cognatione</strong></span> <span class='ocrx_word' id='word_1_286' title='bbox 1171 2254 1270 2284; x_wconf 91' lang='lat' dir='ltr'><strong>non</strong></span> <span class='ocrx_word' id='word_1_287' title='bbox 1290 2237 1568 2286; x_wconf 88' lang='lat' dir='ltr'><strong>indecenter</strong></span> <span class='ocrx_word' id='word_1_288' title='bbox 1587 2239 1637 2285; x_wconf 91' lang='lat' dir='ltr'><strong>in</strong></span> <span class='ocrx_word' id='word_1_289' title='bbox 1660 2255 1831 2286; x_wconf 90' lang='lat' dir='ltr'><strong>eorum</strong></span> <span class='ocrx_word' id='word_1_290' title='bbox 1855 2238 2134 2286; x_wconf 90' lang='lat' dir='ltr'><strong>nominibus</strong></span> <span class='ocrx_word' id='word_1_291' title='bbox 2155 2248 2345 2287; x_wconf 85' lang='lat' dir='ltr'><strong>mutuas</strong></span> 
     </span>
     <span class='ocr_line' id='line_1_27' title="bbox 213 2313 2345 2385; baseline 0.003 -25"><span class='ocrx_word' id='word_1_292' title='bbox 213 2313 316 2362; x_wconf 88' lang='lat' dir='ltr'><strong>fieri</strong></span> <span class='ocrx_word' id='word_1_293' title='bbox 337 2314 446 2362; x_wconf 85' lang='lat' dir='ltr'><strong>licet</strong></span> <span class='ocrx_word' id='word_1_294' title='bbox 469 2315 801 2365; x_wconf 87' lang='lat' dir='ltr'><strong>translationes</strong></span> <span class='ocrx_word' id='word_1_295' title='bbox 822 2336 832 2365; x_wconf 92' lang='lat'><strong>:</strong></span> <span class='ocrx_word' id='word_1_296' title='bbox 869 2317 1001 2382; x_wconf 93' lang='lat' dir='ltr'><strong>quod</strong></span> <span class='ocrx_word' id='word_1_297' title='bbox 1020 2318 1070 2365; x_wconf 91' lang='lat' dir='ltr'><strong>in</strong></span> <span class='ocrx_word' id='word_1_298' title='bbox 1103 2317 1247 2366; x_wconf 89' lang='lat' dir='ltr'><strong>rebus</strong></span> <span class='ocrx_word' id='word_1_299' title='bbox 1271 2334 1469 2383; x_wconf 92' lang='lat' dir='ltr'><strong>quoque</strong></span> <span class='ocrx_word' id='word_1_300' title='bbox 1491 2328 1538 2366; x_wconf 90' lang='lat' dir='ltr'><strong>et</strong></span> <span class='ocrx_word' id='word_1_301' title='bbox 1561 2318 1836 2367; x_wconf 90' lang='lat' dir='ltr'><strong>nominibus</strong></span> <span class='ocrx_word' id='word_1_302' title='bbox 1860 2329 2058 2385; x_wconf 88' lang='lat' dir='ltr'><strong>propter</strong></span> <span class='ocrx_word' id='word_1_303' title='bbox 2079 2318 2345 2383; x_wconf 87' lang='lat' dir='ltr'><strong>adjunctio-</strong></span> 
     </span>
     <span class='ocr_line' id='line_1_28' title="bbox 211 2395 2348 2463; baseline 0.002 -22"><span class='ocrx_word' id='word_1_304' title='bbox 211 2410 325 2442; x_wconf 90' lang='lat' dir='ltr'><strong>nem</strong></span> <span class='ocrx_word' id='word_1_305' title='bbox 366 2395 723 2460; x_wconf 85' lang='lat' dir='ltr'><strong>significationis</strong></span> <span class='ocrx_word' id='word_1_306' title='bbox 756 2397 1030 2463; x_wconf 86' lang='lat' dir='ltr'><strong>frequenter</strong></span> <span class='ocrx_word' id='word_1_307' title='bbox 1079 2398 1329 2462; x_wconf 87' lang='lat' dir='ltr'><strong>contingit.</strong></span> <span class='ocrx_word' id='word_1_308' title='bbox 1376 2401 1486 2446; x_wconf 88' lang='lat' dir='ltr'><strong>Haec</strong></span> <span class='ocrx_word' id='word_1_309' title='bbox 1527 2399 1588 2446; x_wconf 92' lang='lat' dir='ltr'><strong>de</strong></span> <span class='ocrx_word' id='word_1_310' title='bbox 1625 2399 1937 2447; x_wconf 86' lang='lat' dir='ltr'><strong>translatione</strong></span> <span class='ocrx_word' id='word_1_311' title='bbox 1965 2399 2109 2463; x_wconf 90' lang='lat' dir='ltr'><strong>hujus</strong></span> <span class='ocrx_word' id='word_1_312' title='bbox 2139 2399 2348 2447; x_wconf 90' lang='lat' dir='ltr'><strong>nominis</strong></span> 
     </span>
     <span class='ocr_line' id='line_1_29' title="bbox 217 2475 2346 2542; baseline 0.001 -20"><span class='ocrx_word' id='word_1_313' title='bbox 217 2495 239 2518; x_wconf 87' lang='lat'>«</span> <span class='ocrx_word' id='word_1_314' title='bbox 265 2475 516 2523; x_wconf 88' lang='lat' dir='ltr'><strong>Verbum»</strong></span> <span class='ocrx_word' id='word_1_315' title='bbox 541 2477 768 2525; x_wconf 90' lang='lat' dir='ltr'><strong>hocloco</strong></span> <span class='ocrx_word' id='word_1_316' title='bbox 795 2477 942 2540; x_wconf 90' lang='lat' dir='ltr'><strong>facta,</strong></span> <span class='ocrx_word' id='word_1_317' title='bbox 976 2488 1024 2525; x_wconf 90' lang='lat' dir='ltr'><strong>et</strong></span> <span class='ocrx_word' id='word_1_318' title='bbox 1058 2477 1404 2542; x_wconf 88' lang='lat' dir='ltr'><strong>significatione</strong></span> <span class='ocrx_word' id='word_1_319' title='bbox 1441 2479 1542 2542; x_wconf 87' lang='lat' dir='ltr'><strong>ejus</strong></span> <span class='ocrx_word' id='word_1_320' title='bbox 1578 2478 1705 2527; x_wconf 90' lang='lat' dir='ltr'><strong>dicta</strong></span> <span class='ocrx_word' id='word_1_321' title='bbox 1742 2496 1875 2527; x_wconf 88' lang='lat' dir='ltr'><strong>nunc</strong></span> <span class='ocrx_word' id='word_1_322' title='bbox 1906 2479 2166 2527; x_wconf 78' lang='lat' dir='ltr'><strong>sufficiunt.</strong></span> <span class='ocrx_word' id='word_1_323' title='bbox 2206 2480 2346 2526; x_wconf 91' lang='lat' dir='ltr'><strong>Filius</strong></span> 
     </span>
     <span class='ocr_line' id='line_1_30' title="bbox 214 2558 2346 2624; baseline 0.001 -21"><span class='ocrx_word' id='word_1_324' title='bbox 214 2565 376 2603; x_wconf 90' lang='lat' dir='ltr'><strong>autem</strong></span> <span class='ocrx_word' id='word_1_325' title='bbox 411 2558 499 2604; x_wconf 89' lang='lat' dir='ltr'><strong>Dei</strong></span> <span class='ocrx_word' id='word_1_326' title='bbox 537 2558 686 2605; x_wconf 89' lang='lat' dir='ltr'><strong>Patris</strong></span> <span class='ocrx_word' id='word_1_327' title='bbox 724 2558 820 2605; x_wconf 90' lang='lat' dir='ltr'><strong>hoc</strong></span> <span class='ocrx_word' id='word_1_328' title='bbox 855 2559 1013 2623; x_wconf 91' lang='lat' dir='ltr'><strong>ipsum</strong></span> <span class='ocrx_word' id='word_1_329' title='bbox 1036 2558 1276 2620; x_wconf 90' lang='lat' dir='ltr'><strong>Verbum,</strong></span> <span class='ocrx_word' id='word_1_330' title='bbox 1316 2559 1412 2606; x_wconf 90' lang='lat' dir='ltr'><strong>hoc</strong></span> <span class='ocrx_word' id='word_1_331' title='bbox 1449 2569 1519 2606; x_wconf 88' lang='lat' dir='ltr'><strong>est</strong></span> <span class='ocrx_word' id='word_1_332' title='bbox 1561 2559 1664 2624; x_wconf 89' lang='lat' dir='ltr'><strong>ipsa</strong></span> <span class='ocrx_word' id='word_1_333' title='bbox 1697 2559 1800 2622; x_wconf 85' lang='lat' dir='ltr'><strong>ejus</strong></span> <span class='ocrx_word' id='word_1_334' title='bbox 1833 2569 2068 2607; x_wconf 83' lang='lat' dir='ltr'><strong>coaeterna</strong></span> <span class='ocrx_word' id='word_1_335' title='bbox 2103 2559 2346 2624; x_wconf 81' lang='lat' dir='ltr'><strong>Sapientia</strong></span> 
     </span>
     <span class='ocr_line' id='line_1_31' title="bbox 213 2629 2347 2704; baseline 0.001 -23"><span class='ocrx_word' id='word_1_336' title='bbox 213 2633 416 2694; x_wconf 72' lang='lat' dir='ltr'><strong>dicitur,</strong></span> <span class='ocrx_word' id='word_1_337' title='bbox 438 2629 705 2685; x_wconf 89' lang='lat' dir='ltr'><strong>secundum</strong></span> <span class='ocrx_word' id='word_1_338' title='bbox 736 2637 872 2686; x_wconf 89' lang='lat' dir='ltr'><strong>illum</strong></span> <span class='ocrx_word' id='word_1_339' title='bbox 900 2639 1221 2702; x_wconf 85' lang='lat' dir='ltr'><strong>generationis</strong></span> <span class='ocrx_word' id='word_1_340' title='bbox 1254 2638 1475 2700; x_wconf 92' lang='lat' dir='ltr'><strong>modum,</strong></span> <span class='ocrx_word' id='word_1_341' title='bbox 1511 2655 1609 2702; x_wconf 91' lang='lat' dir='ltr'><strong>quo</strong></span> <span class='ocrx_word' id='word_1_342' title='bbox 1640 2639 1802 2686; x_wconf 89' lang='lat' dir='ltr'><strong>divina</strong></span> <span class='ocrx_word' id='word_1_343' title='bbox 1833 2639 2063 2704; x_wconf 85' lang='lat' dir='ltr'><strong>sapientia</strong></span> <span class='ocrx_word' id='word_1_344' title='bbox 2092 2654 2149 2685; x_wconf 86' lang='lat' dir='ltr'><strong>ex</strong></span> <span class='ocrx_word' id='word_1_345' title='bbox 2184 2637 2347 2685; x_wconf 91' lang='lat' dir='ltr'><strong>divina</strong></span> 
     </span>
     <span class='ocr_line' id='line_1_32' title="bbox 213 2716 2342 2783; baseline -0 -20"><span class='ocrx_word' id='word_1_346' title='bbox 213 2725 283 2763; x_wconf 88' lang='lat' dir='ltr'><strong>est</strong></span> <span class='ocrx_word' id='word_1_347' title='bbox 311 2717 543 2780; x_wconf 89' lang='lat' dir='ltr'><strong>potentia,</strong></span> <span class='ocrx_word' id='word_1_348' title='bbox 571 2717 693 2764; x_wconf 88' lang='lat' dir='ltr'><strong>sicut</strong></span> <span class='ocrx_word' id='word_1_349' title='bbox 715 2718 764 2766; x_wconf 90' lang='lat' dir='ltr'><strong>in</strong></span> <span class='ocrx_word' id='word_1_350' title='bbox 789 2719 1100 2783; x_wconf 89' lang='lat' dir='ltr'><strong>sequentibus</strong></span> <span class='ocrx_word' id='word_1_351' title='bbox 1118 2719 1356 2783; x_wconf 84' lang='lat' dir='ltr'><strong>assignare</strong></span> <span class='ocrx_word' id='word_1_352' title='bbox 1384 2718 1686 2779; x_wconf 89' lang='lat' dir='ltr'><strong>conabimur,</strong></span> <span class='ocrx_word' id='word_1_353' title='bbox 1714 2728 1856 2783; x_wconf 89' lang='lat' dir='ltr'><strong>prout</strong></span> <span class='ocrx_word' id='word_1_354' title='bbox 1881 2719 2118 2765; x_wconf 88' lang='lat' dir='ltr'><strong>Dominus</strong></span> <span class='ocrx_word' id='word_1_355' title='bbox 2139 2716 2342 2764; x_wconf 91' lang='lat' dir='ltr'><strong>dederit.</strong></span> 
     </span>
     <span class='ocr_line' id='line_1_33' title="bbox 214 2795 2348 2863; baseline 0.001 -22"><span class='ocrx_word' id='word_1_356' title='bbox 214 2795 361 2852; x_wconf 88' lang='lat' dir='ltr'><strong>Quod</strong></span> <span class='ocrx_word' id='word_1_357' title='bbox 386 2812 498 2843; x_wconf 90' lang='lat' dir='ltr'><strong>vero</strong></span> <span class='ocrx_word' id='word_1_358' title='bbox 521 2797 720 2845; x_wconf 90' lang='lat' dir='ltr'><strong>nomine</strong></span> <span class='ocrx_word' id='word_1_359' title='bbox 742 2799 890 2845; x_wconf 87' lang='lat' dir='ltr'><strong>Patris</strong></span> <span class='ocrx_word' id='word_1_360' title='bbox 912 2798 1074 2846; x_wconf 86' lang='lat' dir='ltr'><strong>divina</strong></span> <span class='ocrx_word' id='word_1_361' title='bbox 1098 2797 1366 2863; x_wconf 85' lang='lat' dir='ltr'><strong>specialiter</strong></span> <span class='ocrx_word' id='word_1_362' title='bbox 1390 2798 1685 2862; x_wconf 87' lang='lat' dir='ltr'><strong>exprimatur</strong></span> <span class='ocrx_word' id='word_1_363' title='bbox 1705 2798 1937 2862; x_wconf 87' lang='lat' dir='ltr'><strong>potentia,</strong></span> <span class='ocrx_word' id='word_1_364' title='bbox 1965 2797 2198 2844; x_wconf 82' lang='lat' dir='ltr'><strong>Maximus</strong></span> <span class='ocrx_word' id='word_1_365' title='bbox 2228 2813 2348 2861; x_wconf 89' lang='lat' dir='ltr'><strong>quo-</strong></span> 
     </span>
     <span class='ocr_line' id='line_1_34' title="bbox 213 2875 2346 2942; baseline 0.001 -21"><span class='ocrx_word' id='word_1_366' title='bbox 213 2891 306 2939; x_wconf 92' lang='lat' dir='ltr'><strong>que</strong></span> <span class='ocrx_word' id='word_1_367' title='bbox 342 2875 596 2940; x_wconf 89' lang='lat' dir='ltr'><strong>episcopus</strong></span> <span class='ocrx_word' id='word_1_368' title='bbox 623 2877 671 2923; x_wconf 92' lang='lat' dir='ltr'><strong>in</strong></span> <span class='ocrx_word' id='word_1_369' title='bbox 704 2879 1011 2941; x_wconf 75' lang='lat' dir='ltr'><strong>Exposl’tc&#39;one</strong></span> <span class='ocrx_word' id='word_1_370' title='bbox 1036 2876 1240 2940; x_wconf 73' lang='lat' dir='ltr'><strong>symboli</strong></span> <span class='ocrx_word' id='word_1_371' title='bbox 1271 2877 1404 2940; x_wconf 92' lang='lat' dir='ltr'><strong>quod</strong></span> <span class='ocrx_word' id='word_1_372' title='bbox 1440 2877 1614 2924; x_wconf 89' lang='lat' dir='ltr'><strong>dicitur</strong></span> <span class='ocrx_word' id='word_1_373' title='bbox 1644 2876 2003 2942; x_wconf 87' lang='lat' dir='ltr'><strong>Apostolorum,</strong></span> <span class='ocrx_word' id='word_1_374' title='bbox 2047 2892 2153 2940; x_wconf 84' lang='lat' dir='ltr'><strong>quae</strong></span> <span class='ocrx_word' id='word_1_375' title='bbox 2175 2876 2346 2940; x_wconf 89' lang='lat' dir='ltr'><strong>legitur</strong></span> 
     </span>
     <span class='ocr_line' id='line_1_35' title="bbox 211 2955 2343 3021; baseline 0 -19"><span class='ocrx_word' id='word_1_376' title='bbox 211 2955 260 3002; x_wconf 92' lang='lat' dir='ltr'><strong>in</strong></span> <span class='ocrx_word' id='word_1_377' title='bbox 300 2956 469 3019; x_wconf 90' lang='lat' dir='ltr'><strong>quinta</strong></span> <span class='ocrx_word' id='word_1_378' title='bbox 497 2955 870 3020; x_wconf 62' lang='lat' dir='ltr'><strong>quadragesimae</strong></span> <span class='ocrx_word' id='word_1_379' title='bbox 900 2956 1170 3016; x_wconf 90' lang='lat' dir='ltr'><strong>dominica,</strong></span> <span class='ocrx_word' id='word_1_380' title='bbox 1209 2956 1284 3004; x_wconf 87' lang='lat' dir='ltr'><strong>his</strong></span> <span class='ocrx_word' id='word_1_381' title='bbox 1314 2955 1471 3003; x_wconf 86' lang='lat' dir='ltr'><strong>verbis</strong></span> <span class='ocrx_word' id='word_1_382' title='bbox 1506 2957 1716 3004; x_wconf 89' lang='lat' dir='ltr'><strong>insinuat</strong></span> <span class='ocrx_word' id='word_1_383' title='bbox 1756 2975 1766 3003; x_wconf 89' lang='lat'>:</span> <span class='ocrx_word' id='word_1_384' title='bbox 1804 2956 2027 3013; x_wconf 78' lang='lat' dir='ltr'><strong>«Credis,</strong></span> <span class='ocrx_word' id='word_1_385' title='bbox 2080 2956 2259 3021; x_wconf 92' lang='lat' dir='ltr'><strong>inquit,</strong></span> <span class='ocrx_word' id='word_1_386' title='bbox 2294 2957 2343 3003; x_wconf 93' lang='lat' dir='ltr'><strong>in</strong></span> 
     </span>
     <span class='ocr_line' id='line_1_36' title="bbox 213 3036 2345 3102; baseline 0 -20"><span class='ocrx_word' id='word_1_387' title='bbox 213 3038 368 3082; x_wconf 87' lang='lat' dir='ltr'><strong>Deum</strong></span> <span class='ocrx_word' id='word_1_388' title='bbox 405 3039 592 3084; x_wconf 88' lang='lat' dir='ltr'><strong>Patrem</strong></span> <span class='ocrx_word' id='word_1_389' title='bbox 626 3037 1040 3102; x_wconf 81' lang='lat' dir='ltr'><strong>omnipotentem?</strong></span> <span class='ocrx_word' id='word_1_390' title='bbox 1077 3039 1130 3084; x_wconf 92' lang='lat' dir='ltr'><strong>In</strong></span> <span class='ocrx_word' id='word_1_391' title='bbox 1164 3039 1268 3084; x_wconf 91' lang='lat' dir='ltr'><strong>Deo</strong></span> <span class='ocrx_word' id='word_1_392' title='bbox 1306 3047 1476 3085; x_wconf 90' lang='lat' dir='ltr'><strong>natura</strong></span> <span class='ocrx_word' id='word_1_393' title='bbox 1507 3036 1818 3097; x_wconf 90' lang='lat' dir='ltr'><strong>innascibilis,</strong></span> <span class='ocrx_word' id='word_1_394' title='bbox 1860 3037 1907 3083; x_wconf 92' lang='lat' dir='ltr'><strong>in</strong></span> <span class='ocrx_word' id='word_1_395' title='bbox 1942 3040 2076 3084; x_wconf 88' lang='lat' dir='ltr'><strong>Patre</strong></span> <span class='ocrx_word' id='word_1_396' title='bbox 2109 3037 2345 3100; x_wconf 85' lang='lat' dir='ltr'><strong>Unigeniti</strong></span> 
     </span>
    </p>
   </div>
   <div class='ocr_carea' id='block_1_3' title="bbox 211 3242 2345 3342">
    <p class='ocr_par' dir='ltr' id='par_1_3' title="bbox 211 3242 2345 3342">
     <span class='ocr_line' id='line_1_37' title="bbox 257 3242 2345 3288; baseline -0.001 -12"><span class='ocrx_word' id='word_1_397' title='bbox 257 3244 367 3286; x_wconf 61' lang='lat' dir='ltr'><strong>¹Ley„</strong></span> <span class='ocrx_word' id='word_1_398' title='bbox 385 3245 440 3277; x_wconf 86' lang='lat' dir='ltr'><strong>lib.</strong></span> <span class='ocrx_word' id='word_1_399' title='bbox 451 3244 533 3278; x_wconf 88' lang='lat' dir='ltr'><strong>XVI.</strong></span> <span class='ocrx_word' id='word_1_400' title='bbox 549 3245 649 3288; x_wconf 69' lang='lat' dir='ltr'><strong>opp„</strong></span> <span class='ocrx_word' id='word_1_401' title='bbox 665 3250 690 3279; x_wconf 86' lang='lat' dir='ltr'><strong>t.</strong></span> <span class='ocrx_word' id='word_1_402' title='bbox 702 3245 773 3286; x_wconf 83' lang='lat' dir='ltr'><strong>vll,</strong></span> <span class='ocrx_word' id='word_1_403' title='bbox 787 3246 848 3279; x_wconf 88' lang='lat' dir='ltr'><strong>col.</strong></span> <span class='ocrx_word' id='word_1_404' title='bbox 867 3248 941 3280; x_wconf 81' lang='lat'><strong>420.</strong></span> <span class='ocrx_word' id='word_1_405' title='bbox 953 3247 1013 3271; x_wconf 80' lang='lat'><strong>—2</strong></span> <span class='ocrx_word' id='word_1_406' title='bbox 1030 3245 1107 3288; x_wconf 85' lang='lat' dir='ltr'><strong>Cap.</strong></span> <span class='ocrx_word' id='word_1_407' title='bbox 1123 3254 1166 3279; x_wconf 78' lang='lat' dir='ltr'><strong>vi.</strong></span> <span class='ocrx_word' id='word_1_408' title='bbox 1181 3246 1240 3280; x_wconf 83' lang='lat' dir='ltr'><strong>H&#39;c</strong></span> <span class='ocrx_word' id='word_1_409' title='bbox 1312 3247 1456 3286; x_wconf 70' lang='lat' dir='ltr'><strong>gustIn13</strong></span> <span class='ocrx_word' id='word_1_410' title='bbox 1474 3251 1648 3287; x_wconf 80' lang='lat' dir='ltr'><strong>propterea</strong></span> <span class='ocrx_word' id='word_1_411' title='bbox 1666 3246 1726 3278; x_wconf 84' lang='lat' dir='ltr'><strong>suit</strong></span> <span class='ocrx_word' id='word_1_412' title='bbox 1748 3247 1889 3286; x_wconf 80' lang='lat' dir='ltr'><strong>rejectus</strong></span> <span class='ocrx_word' id='word_1_413' title='bbox 1908 3245 1942 3277; x_wconf 88' lang='lat' dir='ltr'><strong>in</strong></span> <span class='ocrx_word' id='word_1_414' title='bbox 1960 3243 2173 3285; x_wconf 84' lang='lat' dir='ltr'><strong>appendicem</strong></span> <span class='ocrx_word' id='word_1_415' title='bbox 2194 3242 2345 3275; x_wconf 83' lang='lat' dir='ltr'><strong>editionis</strong></span> 
     </span>
     <span class='ocr_line' id='line_1_38' title="bbox 211 3297 2248 3342; baseline 0.005 -13"><span class='ocrx_word' id='word_1_416' title='bbox 211 3298 312 3338; x_wconf 82' lang='lat' dir='ltr'><strong>iiber,</strong></span> <span class='ocrx_word' id='word_1_417' title='bbox 330 3299 389 3331; x_wconf 84' lang='lat' dir='ltr'><strong>etsi</strong></span> <span class='ocrx_word' id='word_1_418' title='bbox 411 3299 625 3340; x_wconf 84' lang='lat' dir='ltr'><strong>antiquissimi</strong></span> <span class='ocrx_word' id='word_1_419' title='bbox 642 3300 828 3342; x_wconf 81' lang='lat' dir='ltr'><strong>scriptoris,</strong></span> <span class='ocrx_word' id='word_1_420' title='bbox 846 3310 910 3333; x_wconf 88' lang='lat' dir='ltr'><strong>non</strong></span> <span class='ocrx_word' id='word_1_421' title='bbox 928 3306 977 3335; x_wconf 85' lang='lat' dir='ltr'><strong>est</strong></span> <span class='ocrx_word' id='word_1_422' title='bbox 996 3306 1103 3335; x_wconf 81' lang='lat' dir='ltr'><strong>tamen</strong></span> <span class='ocrx_word' id='word_1_423' title='bbox 1121 3300 1155 3334; x_wconf 91' lang='lat' dir='ltr'><strong>S.</strong></span> <span class='ocrx_word' id='word_1_424' title='bbox 1171 3300 1237 3334; x_wconf 87' lang='lat' dir='ltr'><strong>Au·</strong></span> <span class='ocrx_word' id='word_1_425' title='bbox 1313 3303 1462 3336; x_wconf 83' lang='lat' dir='ltr'><strong>monach.</strong></span> <span class='ocrx_word' id='word_1_426' title='bbox 1481 3301 1562 3335; x_wconf 86' lang='lat' dir='ltr'><strong>Ord.</strong></span> <span class='ocrx_word' id='word_1_427' title='bbox 1581 3300 1615 3333; x_wconf 90' lang='lat' dir='ltr'><strong>S.</strong></span> <span class='ocrx_word' id='word_1_428' title='bbox 1633 3299 1810 3334; x_wconf 82' lang='lat' dir='ltr'><strong>Benedicti.</strong></span> <span class='ocrx_word' id='word_1_429' title='bbox 1824 3316 1865 3324; x_wconf 89' lang='lat'><strong>·-</strong></span> <span class='ocrx_word' id='word_1_430' title='bbox 1883 3300 1894 3321; x_wconf 78' lang='lat'>³</span> <span class='ocrx_word' id='word_1_431' title='bbox 1908 3298 2028 3341; x_wconf 71' lang='grc' dir='ltr'><strong>Εσσῑίι,</strong></span> <span class='ocrx_word' id='word_1_432' title='bbox 2041 3306 2112 3339; x_wconf 70' lang='lat'><strong>0³9·</strong></span> <span class='ocrx_word' id='word_1_433' title='bbox 2132 3306 2155 3339; x_wconf 71' lang='lat'><strong>¹»</strong></span> <span class='ocrx_word' id='word_1_434' title='bbox 2171 3305 2199 3330; x_wconf 75' lang='lat' dir='ltr'><strong>V·</strong></span> <span class='ocrx_word' id='word_1_435' title='bbox 2221 3297 2248 3328; x_wconf 84' lang='lat'><strong>¹·</strong></span> 
     </span>
    </p>
   </div>
  </div>
 </body>
</html>
