2638 3866
222 226 272 273 54
286 229 315 273 Ο
1029 223 1202 271 PETRI
1236 222 1410 271 ABAEL
1416 222 1552 269 ARDI

219 342 390 374 sanum
417 341 611 372 sensum
638 323 860 381 haberes,
887 324 1008 371 alius
1031 323 1082 370 in
1105 323 1173 371 eis
1196 322 1543 380 offenderetur,
1569 323 1654 386 qui
1675 338 1872 370 sensum
1901 330 2040 369 tuum
2066 338 2167 369 non
2191 321 2365 370 intelli-

222 415 368 469 geret,
397 415 445 452 et
470 403 753 452 scandalum
778 404 953 450 erroris
982 402 1100 450 inde
1133 412 1363 450 sumeret.
1399 401 1534 450 Habe
1556 403 1717 467 itaque
1748 402 1894 450 etiam
1914 418 2029 449 cum
2052 418 2193 450 sensu
2215 401 2363 450 verba

220 485 396 532 idonea
421 483 483 530 ad
511 482 882 531 aedificationem
899 521 911 545 ,
949 499 1052 530 non
1083 482 1145 530 ad
1168 482 1474 543 scandalum,
1503 493 1550 530 et
1585 482 1714 531 dicas
1741 482 1803 530 ad
1831 482 1966 530 hunc
1993 498 2187 529 sensum
2209 482 2366 529 mani-

222 563 491 611 festandum
512 580 523 608 z
548 565 654 609 Non
690 566 830 611 Pater
863 574 934 611 est
970 562 1134 622 Filius,
1169 562 1254 610 sed
1285 562 1382 610 1100
1421 562 1556 627 quod
1582 572 1653 610 est
1687 565 1826 610 Pater
1861 572 1932 610 est
1967 560 2127 620 Filius,
2165 559 2264 608 hoc
2295 570 2366 608 est

219 643 387 691 eadem
417 653 487 690 est
511 651 832 708 utrorumque
863 644 1068 692 essentia
1099 644 1198 692 sive
1234 642 1516 691 substantia.
1543 646 1641 690 Nec
1670 642 1801 691 dicas
1825 642 1953 690 hanc
1980 657 2240 706 personam
2263 657 2365 688 esse

218 723 364 783 illam,
395 723 532 788 quod
553 733 624 770 est
651 723 812 772 dicere
836 725 968 772 idem
987 741 1089 772 esse
1120 724 1376 791 proprium
1398 725 1664 789 utriusque,
1700 723 1782 771 sed
1807 722 1935 770 hanc
1956 737 2214 787 personam
2235 720 2366 769 idem

218 820 319 851 esse
338 803 473 867 quod
490 802 570 851 illa
592 813 679 864 est,
699 803 796 852 hoc
819 814 890 852 est
913 804 1132 868 ejusdem
1153 803 1432 852 substantiae
1451 821 1572 852 esse.
1599 807 1653 850 In
1675 812 1856 866 quanta
1875 811 2038 850 autem
2057 801 2366 849 veneratione

219 884 363 931 etiam
399 882 549 932 verba
583 883 751 932 divina
786 885 1012 933 habenda
1043 886 1155 947 sint,
1184 885 1255 932 vis
1290 885 1507 950 ipsorum
1544 883 1791 944 admonet,
1829 899 1935 946 quae
1963 880 2180 945 quotidie
2201 883 2367 928 Sacra·

220 975 383 1013 menta
407 965 616 1013 ecclesiae
643 965 856 1028 conficit,
885 983 998 1014 cum
1021 966 1084 1014 ad
1106 950 1466 1014 invocationem
1496 965 1570 1013 sui
1597 964 1808 1012 nominis
1827 963 1951 1010 mira
1973 965 2103 1009 Deus
2121 971 2365 1027 operatur,

220 1046 364 1094 etiam
380 1062 466 1111 per
482 1045 895 1094 immundissimos
912 1047 1176 1095 ministros.
1194 1046 1335 1094 Unde
1358 1056 1406 1094 et
1426 1045 1597 1093 merito
1612 1045 1869 1092 christiana
1885 1042 2052 1106 religio
2072 1041 2232 1090 verbis
2247 1058 2370 1107 quo-

221 1142 316 1189 que
331 1125 508 1174 divinis
531 1127 851 1174 reverentiam
867 1127 1119 1187 exhibens,
1140 1127 1244 1175 sola
1261 1126 1366 1191 ipsa
1387 1125 1852 1174 vocabulum«Dei»
1880 1140 2113 1188 usurpare
2137 1138 2372 1170 110110011-

222 1205 394 1266 suevit,
433 1205 518 1253 sed
541 1205 792 1254 immobile
819 1207 943 1255 illud
961 1207 1188 1269 custodit,
1212 1206 1349 1271 quod
1367 1216 1467 1254 tam
1489 1223 1518 1254 a
1539 1205 1776 1255 Gentibus
1794 1221 1943 1270 quam
1961 1206 1985 1250 J
1991 1203 2136 1251 udaeis
2156 1202 2219 1250 ad
2237 1218 2372 1251 crea—

226 1295 353 1334 turas
384 1303 761 1351 nonnumquam
784 1287 1033 1336 detortum
1055 1297 1143 1348 est,
1170 1304 1285 1335 cum
1308 1288 1502 1352 utrique
1531 1286 1648 1335 deos
1670 1286 1941 1334 nominent.
1969 1288 2076 1350 Ipse
2104 1284 2250 1332 etiam
2272 1283 2373 1331 Pri·

224 1365 414 1413 scianus
436 1366 610 1414 doctor
637 1377 684 1414 et
713 1368 918 1433 scriptor
942 1367 1179 1432 loquendi
1209 1368 1259 1415 in
1289 1367 1620 1416 locutionibus
1646 1367 1852 1415 maxime
1881 1382 2027 1413 usum
2047 1363 2401 1412 aemulandum!

225 1462 324 1493 esse
348 1446 596 1496 admonet.
624 1450 751 1495 Bene
774 1448 1020 1512 equidem,
1048 1465 1161 1496 cum
1183 1448 1366 1496 locutio
1389 1448 1788 1512 significationem
1811 1464 1911 1494 non
1934 1462 1992 1494 ex
2012 1445 2190 1512 placito
2211 1444 2376 1491 homi—

225 1543 343 1573 num
367 1526 558 1575 habeat.
577 1528 723 1586 Quod
743 1545 859 1576 vero
883 1530 949 1576 ait
963 1530 1281 1593 Augustinus:
1300 1549 1324 1574 «
1338 1532 1409 1577 De
1426 1528 1584 1577 verbis
1607 1545 1721 1576 cum
1743 1545 1818 1576 res
1840 1536 2030 1575 constet
2050 1524 2378 1573 controversia

226 1606 443 1655 facienda
475 1625 577 1655 non
599 1619 687 1671 est,
704 1629 727 1653 »
752 1609 821 1656 ibi
840 1625 955 1657 sane
979 1609 1364 1673 intelligendum,
1395 1609 1482 1657 ubi
1504 1609 1566 1657 de
1596 1609 1742 1657 rebus
1765 1607 2014 1656 contentio
2039 1615 2146 1654 orta
2169 1614 2258 1666 est,
2283 1603 2379 1652 hoc

229 1696 300 1734 est
332 1687 393 1735 de
430 1688 722 1752 inquirenda
757 1699 806 1736 et
839 1689 1142 1738 discutienda
1179 1690 1377 1738 veritate
1411 1707 1576 1738 rerum
1603 1690 1765 1755 potius
1801 1704 1950 1753 quam
1986 1686 2048 1735 de
2088 1685 2380 1752 proprietate

230 1766 506 1815 verborum.
533 1771 659 1816 Cum
682 1770 814 1816 enim
833 1769 934 1833 jam
958 1769 1010 1817 id
1031 1769 1270 1817 habemus
1297 1771 1432 1834 quod
1457 1769 1808 1834 quaerebamus,
1845 1768 1942 1815 hoc
1968 1777 2041 1815 est
2062 1766 2195 1815 illam
2218 1781 2381 1814 rerum

230 1848 569 1896 certitudinem
603 1866 751 1914 quam
778 1850 1205 1914 investigabamus;
1242 1867 1345 1897 non
1380 1860 1451 1898 est
1486 1850 1759 1898 curandum
1781 1865 1882 1914 quo
1913 1864 2086 1913 genere
2119 1845 2382 1894 verborum

229 1928 281 1975 id
312 1928 456 1976 nobis
489 1929 782 1994 significetur
806 1940 889 1977 aut
918 1930 1282 1996 comprobetur,
1316 1947 1429 1978 cum
1454 1931 1556 1994 jam
1585 1931 1651 1978 ita
1685 1947 1788 1978 esse
1820 1939 2089 1976 teneamus.
2125 1928 2184 1974 At
2205 1942 2320 1974 vero
2343 1925 2383 1972 si

231 2007 291 2055 de
325 2008 485 2056 verbis
523 2010 721 2072 quaestio
754 2019 888 2057 mota
915 2010 1074 2071 fuerit,
1115 2026 1178 2057 an
1213 2010 1435 2058 videlicet
1471 2026 1630 2058 ser-mo
1668 2010 1754 2074 qui
1787 2009 1976 2070 dicitur,
2017 2008 2114 2056 hoc
2150 2006 2227 2054 vel
2262 2004 2384 2057 illud

229 2086 406 2135 habeat
439 2088 618 2149 dicere,
647 2090 770 2136 sicut
801 2089 898 2137 hoc
929 2090 1041 2138 loco
1065 2091 1310 2154 quaeritur,
1333 2107 1420 2138 cur
1443 2107 1544 2138 non
1569 2091 1748 2140 scilicet
1768 2106 1881 2138 vere
1909 2089 2126 2137 dicatur:
2154 2090 2293 2134 Pater
2316 2094 2386 2132 est

231 2167 392 2227 Filius,
431 2179 548 2216 tunc
584 2179 686 2218 tota
720 2172 1050 2219 controversia
1089 2171 1152 2219 ad
1183 2171 1283 2218 vim
1318 2171 1580 2219 verborum
1618 2181 1690 2219 est
1730 2169 1996 2218 reserenda.
2029 2169 2157 2216 Dicit
2185 2167 2386 2215 fortasse

232 2249 401 2313 aliquis
427 2250 563 2314 quod
583 2251 854 2299 secundum
874 2252 1175 2317 propositam
1191 2252 1563 2318 expositionem,
1594 2253 1644 2299 in
1667 2268 1764 2317 qua
1786 2251 1962 2300 dicitur
1990 2268 2004 2298 z
2032 2253 2170 2298 Pater
2192 2264 2294 2296 non
2318 2255 2388 2294 est

232 2329 395 2388 Filius,
427 2329 524 2377 1100
558 2331 738 2378 scilicet
767 2331 918 2379 modo
953 2332 1088 2398 quod
1116 2349 1218 2380 non
1245 2342 1318 2380 est
1337 2332 1468 2381 idem
1500 2332 1756 2398 proprium
1790 2332 2059 2396 utriusque,
2100 2330 2210 2377 licet
2244 2328 2389 2377 etiam

234 2410 394 2459 dicere
414 2430 424 2458 ε
451 2414 590 2461 Pater
605 2430 707 2461 non
730 2423 803 2462 est
819 2418 970 2475 Deus,
983 2416 1060 2463 vel
1081 2415 1234 2463 homo
1256 2433 1358 2463 non
1372 2426 1444 2464 est
1457 2415 1661 2477 animab
1687 2433 1799 2463 cum
1817 2414 2040 2463 'videlicet
2057 2429 2159 2460 non
2178 2412 2239 2459 sit
2259 2410 2389 2458 idem

234 2492 487 2556 proprium
510 2494 717 2542 istorum
745 2495 867 2542 sicut
903 2511 995 2543 nec
1026 2496 1238 2543 illorum.
1268 2495 1343 2543 Ad
1374 2496 1509 2560 quod
1541 2495 1942 2562 respondendum
1974 2500 2044 2541 est
2076 2491 2213 2557 quod
2244 2489 2391 2538 verba

235 2582 398 2620 nostra
428 2573 490 2620 ad
523 2576 682 2622 Deum
716 2575 962 2637 translata,
994 2585 1049 2623 ut
1070 2576 1172 2639 Jam
1208 2593 1353 2642 supra
1374 2578 1708 2634 meminimus,
1742 2593 1799 2624 ex
1824 2576 1930 2641 ipsa
1963 2571 2288 2637 singularitate
2321 2569 2393 2616 di-

235 2652 354 2699 vinae
389 2652 685 2717 substantiae,
721 2655 845 2703 sicut
875 2656 1167 2719 singularem
1195 2656 1621 2721 significationem,
1655 2657 1722 2704 ita
1746 2665 1794 2704 et
1822 2654 2114 2718 singularem
2143 2666 2390 2700 nonnum—

239 2747 385 2794 quam
419 2736 782 2783 constructione
814 2736 1114 2784 contrahunt
1150 2754 1364 2785 sensum.
1404 2741 1637 2787 Praeterea
1670 2753 1771 2784 non
1807 2744 2002 2801 oportet
2038 2734 2314 2798 figurativas
2347 2738 2395 2776 et

240 2811 526 2877 improprias
551 2814 820 2864 locutiones
852 2818 1035 2882 porrigi
1064 2817 1191 2866 ultra
1224 2818 1322 2866 hoc
1354 2818 1786 2882 quam'auctoritas
1817 2816 1894 2864 vel
1926 2832 2041 2864 usus
2063 2813 2230 2872 habet,
2263 2812 2303 2858 si
2332 2808 2419 2872 ad·

242 2890 516 2940 doctrinam
536 2905 585 2942 et
607 2897 930 2962 intelligentiae
950 2899 1228 2947 facultatem
1246 2899 1382 2965 loqui
1400 2899 1717 2960 intendimus,
1742 2908 1795 2947 ut
1816 2914 1930 2946 cum
1949 2896 2123 2944 dicitur
2146 2890 2394 2957 figurative

245 2968 304 3016 de
341 2973 444 3018 Deo
482 2975 598 3037 quia
630 2978 782 3025 nescit
807 2979 980 3040 malos,
1017 2979 1130 3027 ideo
1162 2979 1367 3043 figuram
1402 2979 1716 3029 extendentes
1753 2979 1986 3037 dicamus,
2026 2975 2140 3040 quia
2172 2988 2272 3021 non
2295 2969 2395 3018 scit

246 3064 415 3096 omnes
447 3051 686 3116 homines,
714 3057 792 3104 vel
814 3059 968 3107 nescit
991 3061 1176 3107 omnia.
1201 3060 1291 3108 Vel
1322 3061 1361 3107 si
1383 3060 1543 3109 dicam
1575 3062 1688 3126 quia
1710 3059 1864 3108 adoro
1888 3072 2110 3112 crucem,
2135 3052 2246 3100 ideo
2275 3065 2395 3097 con·-

245 3127 416 3176 cedam
439 3146 517 3176 me
548 3133 749 3182 adorare
778 3137 1052 3185 insensibile
1074 3139 1151 3186 vel
1175 3139 1386 3203 lignum3
1411 3140 1487 3188 vel
1508 3141 1547 3188 si
1569 3140 1729 3188 dicam
1762 3155 1840 3186 me
1862 3136 2060 3185 credere
2080 3134 2131 3179 in
2154 3130 2395 3179 Christum

248 3208 322 3257 vel
357 3209 559 3257 adorare
589 3229 717 3271 eum,
755 3217 840 3278 qui
874 3218 1019 3264 etiam
1055 3218 1303 3283 figurative
1337 3221 1458 3286 lapis
1493 3230 1578 3268 aut
1613 3203 1809 3284 serpens
1848 3216 2045 3274 dicitur3
2084 3212 2196 3258 ideo
2229 3226 2308 3256 me
2346 3209 2396 3255 in

247 3288 457 3353 lapidem
479 3291 674 3341 credere
695 3293 772 3340 vel
795 3295 844 3341 in
869 3308 1143 3361 serpentem
1167 3316 1398 3362 annuam,
1434 3299 1510 3347 vel
1538 3298 1741 3346 adorare
1763 3295 1975 3362 lapidem
1997 3302 2080 3341 aut
2102 3299 2393 3356 serpentem.
