2638 3866
809 216 867 264 IN
899 217 1230 267 EPISTOLAM
1264 219 1346 268 AD
1381 219 1684 270 ROMANOS.
2229 224 2326 273 249

171 319 364 385 proprie
399 320 586 380 attinet,
625 319 860 368 innocens
895 319 1072 370 infans.
1112 324 1246 370 Tunc
1283 339 1398 388 ergo
1432 323 1679 392 dissipavit
1713 335 2051 375 testamentum
2088 326 2195 388 Dei,
2234 343 2325 375 nec

169 399 265 449 hoc
303 400 366 449 de
398 400 633 467 imperata
663 400 1048 464 circumcisione,
1088 402 1174 451 sed
1206 403 1327 451 illud
1365 404 1427 452 de
1462 405 1580 471 ligni
1615 406 1963 472 prohibitione,
2005 406 2203 473 quando
2235 424 2323 474 per

168 497 323 529 unum
361 481 616 530 hominem
645 491 918 547 peccatum,
961 492 1009 530 et
1045 501 1133 550 per
1160 495 1416 551 peccatum
1453 502 1604 547 mors,
1645 496 1693 535 et
1726 488 1792 536 ita
1821 488 1871 536 in
1897 505 2066 537 omues
2097 488 2322 538 homines

167 562 373 624 transiit,
402 564 452 610 in
477 579 576 628 quo
607 579 777 611 omnes
799 574 1139 630 peccaverunt.
1164 585 1188 610 ι)
1220 564 1367 628 Ecce,
1396 566 1540 615 beato
1573 578 1847 634 exponente
1881 569 2173 635 Augustino,
2203 586 2323 635 quo—

167 642 319 692 modo
353 644 684 709 unusquisque
711 644 763 691 in
795 644 962 709 primis
986 647 1267 711 parentibus
1297 656 1639 697 testamentum
1662 650 1761 698 sive
1792 660 1987 716 pactum
2019 649 2234 710 Domini,
2271 651 2321 698 id

166 733 237 771 est
270 726 472 790 primam
495 726 596 790 ejus
619 741 646 773 a
673 725 887 774 Domino
912 726 1067 792 legem
1095 727 1260 776 datam
1294 729 1345 776 in
1370 730 1598 778 Paradiso
1621 740 1942 795 transgressus
1965 732 2041 791 sit,
2071 741 2124 778 ut
2152 732 2317 780 saltem

166 805 409 871 originalis
443 806 627 873 peccati
661 806 857 855 vinculo
895 816 1132 872 teneatur,
1175 819 1223 857 et
1253 810 1483 875 parvulus
1518 828 1631 859 cum
1668 811 1730 859 de
1767 811 2010 860 Abraham
2044 813 2318 877 caeterisque

165 884 388 935 fidelibus
411 897 552 936 natus
574 888 633 936 sit
654 887 953 954 parentibus,
971 888 1034 937 de
1052 890 1238 956 populo
1256 908 1363 952 suo,
1385 891 1435 939 id
1450 902 1521 940 est
1534 909 1562 940 a
1576 902 1707 941 sorte
1724 903 1772 941 et
1788 892 2086 941 beatitudine
2103 891 2318 942 fidelium

163 977 358 1031 patrum
390 986 591 1018 suorum
621 970 681 1017 sit
705 969 1053 1034 excludendus⁷
1078 971 1169 1020 nisi
1201 972 1261 1034 ei,
1298 982 1352 1020 ut
1380 972 1565 1021 dictum
1588 984 1677 1036 est,
1704 974 2082 1022 circumcisionis
2105 974 2318 1022 remedio

119 1084 124 1091 .
161 1046 453 1098 subventum
487 1049 643 1099 fuerit.
682 1050 830 1109 Quod
866 1067 982 1099 vero
1016 1052 1067 1099 in
1100 1063 1343 1119 praecepto
1375 1054 1755 1103 circumcisionis
1793 1055 2014 1104 additum
2051 1065 2147 1116 est,
2178 1065 2317 1104 «tam

162 1130 450 1179 vernaculus
481 1148 629 1197 quam
664 1132 911 1198 emptitius
945 1133 1335 1197 circumcidetur,
1377 1145 1426 1183 et
1460 1136 1740 1202 quicunque
1773 1152 1875 1184 non
1906 1135 2050 1184 suerit
2082 1135 2144 1183 de
2169 1136 2317 1203 stirpe

162 1219 336 1274 vestra,
360 1231 384 1258 »
411 1213 478 1261 ita
499 1223 571 1261 est
592 1213 977 1278 intelligendum,
1001 1224 1057 1262 ut
1078 1214 1140 1263 de
1160 1215 1431 1264 vernaculis
1450 1215 1527 1264 vel
1550 1217 1778 1283 emptitiis
1802 1233 1992 1279 eorum,
2019 1216 2119 1265 sive
2141 1216 2317 1266 fuerint

161 1289 366 1355 Hebraei,
403 1292 455 1341 id
486 1303 574 1357 est,
611 1293 672 1342 de
704 1295 852 1361 stirpe
877 1312 981 1357 sua,
1017 1296 1116 1344 sive
1141 1313 1261 1358 non,
1295 1295 1392 1344 hoc
1423 1298 1667 1363 praecipiat
1699 1298 1956 1360 Dominus,
1997 1315 2099 1346 non
2132 1298 2194 1347 de
2217 1298 2320 1348 aliis

161 1372 458 1423 nationibus.
486 1375 598 1424 Tale
621 1392 735 1440 ergo
753 1414 765 1438 ‚
793 1396 817 1420 «
838 1379 955 1425 Tam
973 1377 1262 1426 vernaculus
1282 1394 1430 1443 quam
1456 1379 1702 1444 emptitius
1727 1378 2115 1439 circumcidetur,
2142 1389 2188 1427 et
2211 1380 2319 1445 qui-

159 1467 351 1519 cunque
382 1471 483 1503 non
513 1455 671 1515 fuerit,
699 1467 815 1518 etc„
838 1479 861 1502 »
889 1474 946 1506 ac
982 1459 1023 1506 si
1051 1458 1251 1518 diceret,
1280 1459 1340 1506 de
1371 1459 1638 1508 vernaculis
1661 1469 1707 1507 et
1727 1459 1955 1526 emptitiis
1981 1460 2126 1508 etiam
2150 1476 2320 1509 omnes

158 1531 227 1581 illi
252 1535 336 1599 qui
358 1552 460 1583 non
487 1537 663 1585 fuerint
686 1537 747 1585 de
773 1539 921 1604 stirpe
942 1548 1117 1588 vestra.
1149 1542 1257 1588 Non
1291 1549 1363 1587 est
1386 1540 1529 1604 igitur
1550 1540 1932 1588 circumcisionis
1955 1539 2177 1606 generale
2198 1558 2320 1607 prae·

159 1624 384 1679 ceptum,
423 1617 547 1664 sicut
581 1627 651 1665 est
686 1617 942 1684 baptismi,
978 1620 1101 1667 sicut
1138 1619 1415 1684 Evangelii,
1444 1619 1530 1668 sed
1563 1620 1749 1686 populo
1778 1630 1967 1668 tantum
1995 1621 2139 1669 Israel
2170 1637 2227 1669 ea
2252 1632 2321 1670 est

160 1695 362 1759 tradita,
400 1714 501 1746 non
537 1698 827 1747 Gentilibus.
867 1700 1015 1758 Quod
1054 1701 1309 1765 diligenter
1340 1701 1573 1765 Origenes
1603 1702 1654 1748 in
1689 1701 2038 1767 posterioribus
2071 1701 2315 1765 ostendit,

159 1774 459 1842 distinguens
482 1796 539 1827 ex
556 1780 670 1845 ipsis
692 1780 859 1828 litterae
881 1782 1187 1844 testimoniis,
1208 1799 1315 1848 quae
1337 1779 1576 1849 praecepta
1600 1783 1716 1848 legis
1740 1784 1836 1831 sint
1859 1782 2116 1847 generalia,
2137 1793 2237 1832 tam
2258 1784 2320 1833 ad

158 1859 183 1902 J
188 1856 349 1906 udaeos
377 1859 558 1907 scilicet
580 1877 729 1926 quam
752 1861 815 1910 ad
840 1863 1053 1912 Gentiles
1074 1864 1384 1930 pertinentia,
1411 1880 1519 1929 quae
1542 1881 1663 1912 non.
1695 1863 1832 1912 Unde
1852 1864 1997 1912 etiam
2021 1874 2211 1914 constat
2231 1882 2322 1914 nec

159 1938 469 1989 traditionem
500 1940 616 2007 legis
645 1959 748 1991 esse
778 1943 1069 2008 generalem.
1098 1944 1245 2004 Quod
1277 1945 1380 2010 ipse
1412 1961 1611 2010 quoque
1640 1947 1829 2010 Moyses
1857 1943 2111 2010 diligenter
2147 1946 2320 1995 distin-

159 2034 327 2082 guens,
353 2020 404 2069 in
426 2025 803 2071 Deuteronomio
825 2024 893 2073 ait
907 2027 920 2051 ¹
944 2043 954 2072 :
985 2046 1008 2071 α
1027 2028 1087 2074 Et
1109 2043 1242 2075 nunc
1266 2025 1408 2074 Israel
1433 2026 1547 2075 audi
1571 2036 1812 2092 praecepta
1834 2035 1881 2073 et
1899 2025 2080 2090 judicia
2103 2044 2209 2092 quae
2231 2044 2321 2092 ego

159 2098 364 2148 doceam
393 2111 459 2163 te,
484 2112 540 2151 ut
561 2103 739 2153 faciens
768 2121 826 2154 ea
852 2106 1011 2167 vivas,
1047 2116 1096 2155 et
1118 2106 1394 2172 ingrediens
1420 2106 1670 2173 possideas
1700 2116 1878 2155 terram
1905 2122 2053 2172 quam
2084 2108 2322 2156 Dominus

158 2175 360 2226 daturus
390 2190 460 2228 est
484 2181 642 2230 vobis.
664 2201 689 2229 »
716 2186 836 2232 Item
865 2202 876 2232 z
903 2205 926 2229 (ε
950 2187 1068 2243 Quae
1091 2195 1164 2233 est
1186 2186 1316 2234 enim
1340 2185 1434 2234 alia
1457 2202 1574 2250 gens
1597 2185 1665 2233 sic
1686 2185 1883 2250 inclyta,
1912 2194 1964 2233 ut
1988 2184 2168 2233 habeat
2191 2188 2321 2234 caeri·

159 2258 366 2320 monias,
397 2260 622 2328 justaque
641 2263 842 2327 judicia,
878 2275 926 2313 et
960 2266 1236 2315 universam
1268 2267 1426 2331 legem
1451 2283 1601 2332 quam
1624 2282 1714 2331 ego
1737 2281 2015 2332 proponam
2040 2265 2190 2315 hodie
2212 2277 2323 2316 ante

160 2338 329 2388 oculos
359 2342 620 2391 vestros?>›
646 2347 707 2393 Et
735 2346 912 2394 iterum
938 2365 950 2395 ε
982 2366 1005 2392 «
1031 2347 1242 2396 Docebis
1277 2364 1386 2396 eam
1420 2346 1545 2395 filios
1578 2357 1688 2396 tuos
1724 2363 1781 2395 ac
1818 2356 2086 2412 nepotes.»
2123 2350 2178 2395 Et
2213 2359 2323 2414 post

159 2420 321 2485 aliqua
349 2439 358 2469 :
382 2442 405 2466 «
425 2425 488 2471 Te
522 2424 664 2490 elegit
694 2428 935 2476 Dominus
968 2431 1099 2477 Deus
1126 2438 1256 2490 tuus,
1282 2438 1338 2476 ut
1368 2428 1430 2476 sis
1460 2429 1504 2476 ei
1528 2426 1741 2494 populus
1764 2427 2021 2493 peculiaris
2053 2427 2116 2477 de
2137 2430 2322 2477 cunctis

158 2500 352 2566 populis
376 2504 460 2568 qui
489 2515 602 2553 sunt
629 2524 775 2574 super
808 2518 1006 2558 terram.
1031 2530 1054 2554 n
1082 2513 1142 2557 Et
1164 2509 1439 2558 Psalmista²
1464 2527 1476 2556 ε
1499 2508 1637 2567 «Qui
1666 2508 1925 2557 annuntiat
1952 2509 2158 2557 verbum
2178 2526 2320 2558 suum

158 2580 325 2644 Jacob,
355 2583 564 2647 justitias
582 2596 630 2635 et
647 2588 832 2653 judicia
848 2607 936 2639 sua
957 2591 1119 2640 Israel.
1149 2594 1259 2639 Non
1277 2591 1388 2639 fecit
1408 2590 1564 2638 taliter
1583 2589 1720 2637 omni
1743 2589 1948 2652 nationi,
1977 2598 2024 2636 et
2040 2589 2222 2654 judicia
2236 2607 2321 2639 sua

158 2676 261 2709 non
279 2663 604 2715 manifestavit
631 2669 716 2716 eis.
739 2671 1038 2736 »Apostolus
1060 2689 1258 2738 quoque
1278 2680 1501 2737 patenter
1519 2670 1676 2734 legem
1693 2685 1795 2716 non
1818 2668 2047 2717 omnibus
2062 2670 2217 2735 loqui,
2247 2672 2322 2722 vel

159 2740 325 2790 datam
360 2761 463 2793 esse
486 2764 629 2814 supra
657 2751 904 2815 professus
925 2763 1015 2812 est,
1043 2753 1237 2802 dicens³
1264 2771 1275 2799 :
1308 2752 1537 2800 «Scimus
1559 2759 1724 2798 autem
1757 2750 1991 2814 quoniam
2021 2767 2323 2818 quaecunque

158 2820 235 2870 lex
258 2821 491 2888 loquitur,
518 2827 596 2877 his
618 2831 702 2894 qui
728 2831 779 2878 in
803 2832 908 2897 lege
930 2843 1045 2881 sunt
1065 2833 1300 2898 loquitur.
1325 2851 1349 2876 >2

224 2903 309 2951 His
323 2914 486 2954 autem
509 2924 537 2955 a
561 2909 703 2958 nobis
723 2911 785 2959 de
803 2912 1170 2961 circumcisione
1184 2910 1459 2978 praelibatis,
1476 2910 1588 2959 licet
1603 2910 1847 2958 succincte
1864 2911 2178 2978 antiquorum
2193 2913 2321 2964 dicta

159 2982 224 3031 ad
250 3000 359 3034 eam
387 2989 679 3053 pertinentia
701 3009 804 3041 non
821 2994 1082 3060 praeterire.
1109 2995 1341 3059 Origenes
1364 3010 1510 3059 super
1531 2992 1660 3040 hanc
1684 2992 1951 3058 Epistolam
1981 2994 2133 3057 Pauli,
2159 2995 2320 3044 verbis

160 3070 380 3134 superius
402 3072 588 3122 citatis:
610 3095 634 3119 α
653 3077 703 3123 Si
725 3076 866 3141 igitur
879 3080 1188 3145 praeputium,
1209 3088 1303 3127 etc.
1323 3077 1456 3126 Dixit
1477 3079 1609 3125 Deus
1633 3075 1697 3123 ad
1720 3074 1994 3125 Abraham:
2023 3098 2046 3123 «
2066 3080 2135 3127 Tu
2157 3088 2318 3127 autem

163 3166 186 3190 «
205 3157 550 3203 testamentum
569 3172 734 3206 meum
753 3159 985 3223 servabis,
1002 3169 1050 3208 et
1068 3177 1217 3209 omne
1235 3175 1400 3208 semen
1417 3167 1556 3207 tuum
1575 3166 1687 3224 post
1706 3166 1753 3205 te
1771 3155 1823 3204 in
1840 3159 2173 3223 generationes
2192 3176 2319 3208 suas.

208 3336 214 3354 '
232 3334 345 3378 Dent„
361 3346 434 3379 ΜΡ.
454 3348 502 3381 iv,
519 3351 548 3375 v.
569 3345 599 3383 1,
618 3346 656 3385 8,
675 3346 713 3385 93
734 3355 807 3388 cap.
821 3356 878 3389 vn,
894 3356 925 3382 v.
944 3350 977 3382 6.
993 3366 1036 3373 —
1049 3349 1201 3382 Ῥεαῑητ.
1216 3357 1336 3390 οκινιι,
1354 3356 1386 3382 v.
1405 3347 1454 3381 19.
1478 3363 1515 3370 —
1535 3347 1547 3367 ³
1561 3346 1673 3385 Rom..
1693 3353 1766 3385 cap.
1787 3352 1834 3384 iv,
1852 3351 1882 3375 v.
1905 3343 1956 3376 19.
