2638 3866
1076 175 1115 225 E
1147 174 1322 223 LIBRO
1350 175 1407 223 IN
1410 174 1620 226 CERTO.
2347 181 2442 229 727

979 599 1021 657 E
1092 599 1320 661 LIBRO
1388 601 1740 662 INCERTO.

341 826 438 870 Hoc
458 825 747 885 fragmentum
768 823 813 866 in
836 822 1057 868 codicibus
1085 835 1129 868 et
1152 825 1198 867 in
1220 825 1442 870 Amboesii
1473 825 1662 869 editione
1693 837 1790 886 post
1817 825 2042 886 epistolam
2075 827 2319 889 Berengarii
2349 831 2429 875 ad-

279 907 424 937 versus
461 890 761 933 Carthusianos
797 890 1074 947 subjunctum
1116 901 1180 934 est
1194 903 1226 935 ¹.
1270 891 1348 934 Vir
1376 892 1684 935 eruditissimus
1713 907 1813 935 cum
1842 890 1950 934 illud
1986 893 2228 952 agnovisset
2262 910 2430 954 nequa-

280 973 410 1018 quam
440 972 541 1000 cum
569 956 652 999 hac
689 955 870 1016 epistola
901 972 1032 1015 quam
1065 956 1336 1016 subsequitur
1365 959 1599 1012 cohaerere,
1632 956 1909 1001 tribuendum
1936 957 2168 1001 Abaelardo
2200 970 2263 1002 est
2294 962 2429 1021 suspi-

278 1035 412 1077 catus,
448 1037 529 1065 nec
559 1022 792 1071 immerito,
826 1031 874 1064 ut
906 1023 1075 1082 opinor.
1114 1022 1215 1065 Non
1246 1023 1362 1065 enim
1400 1023 1540 1066 solum
1568 1034 1612 1066 et
1640 1023 1948 1066 sententiarum
1984 1033 2027 1066 et
2071 1023 2245 1067 dicendi
2273 1041 2429 1085 genere

277 1088 457 1150 pagellae
490 1089 581 1131 istae
617 1103 718 1131 cum
754 1087 974 1131 Abaelardi
1004 1088 1178 1148 ingenio
1220 1098 1263 1131 et
1300 1088 1413 1131 bene
1450 1089 1631 1149 cognitis
1661 1088 1936 1148 opinionibus
1967 1100 2234 1148 congruunt;
2278 1106 2427 1134 verum

277 1155 406 1197 etiam
442 1154 648 1197 lectorem
680 1164 830 1196 auctor
863 1154 1040 1197 remittit
1074 1153 1130 1197 ad
1152 1170 1203 1197 ea
1224 1169 1321 1213 quae
1342 1154 1433 1214 ipse
1454 1154 1559 1197 olim
1589 1154 1811 1214 scripserat
1838 1174 1854 1191 α
1882 1153 1936 1196 de
1957 1153 2042 1196 fide
2070 1155 2427 1215 philosophorum

277 1230 405 1278 atque
432 1219 536 1274 vita,
576 1219 663 1262 sive
701 1219 830 1262 etiam
868 1235 1039 1262 morum
1070 1218 1319 1279 disciplina;
1362 1240 1379 1258 »
1413 1219 1532 1278 quod
1566 1219 1742 1278 quidem
1775 1219 2002 1262 clarissime
2035 1219 2225 1263 indicare
2257 1221 2428 1264 videtur

275 1285 363 1328 sive
386 1285 628 1328 orationem
649 1284 694 1327 in
718 1284 826 1328 festo
847 1286 902 1328 D.
929 1285 1106 1329 Joannis
1127 1285 1328 1344 Baptistae
1357 1285 1551 1328 habitam
1567 1284 1582 1309 ²
1608 1286 1693 1328 sive
1725 1285 1883 1327 librum
1913 1285 2150 1328 secundum
2181 1287 2427 1347 Theologiae

277 1349 555 1393 Christianae.

333 1417 551 1459 Tenorem
563 1416 694 1458 totius
714 1415 873 1476 dialogi
889 1415 1134 1459 observanti
1152 1416 1426 1459 manifestum
1442 1426 1506 1459 est
1526 1431 1753 1475 personam
1772 1415 1851 1459 sub
1873 1416 2050 1459 nomine
2071 1415 2187 1459 Petri
2206 1416 2423 1475 colloquio

273 1480 496 1525 inductam
525 1497 615 1525 esse
645 1482 786 1542 ipsum
814 1481 1116 1535 Abaelardum3
1151 1481 1228 1525 sed
1258 1483 1350 1541 quis
1380 1482 1446 1525 vir
1468 1482 1548 1525 sub
1570 1481 1719 1525 litteris
1748 1483 1804 1525 A.
1830 1482 1881 1525 P.
1913 1481 2068 1536 lateat,
2100 1484 2304 1540 quoniam
2334 1498 2423 1525 non

273 1558 419 1591 noster
435 1548 489 1590 sit
508 1547 805 1607 philosophus,
826 1548 1014 1607 reperire
1038 1563 1128 1591 non
1151 1547 1288 1598 licuit,

338 1724 468 1772 Dixit
493 1727 545 1772 Α.
572 1728 627 1772 Ρ.
670 1725 788 1773 dixit
815 1728 866 1772 P.
898 1727 952 1772 Α.
979 1723 1099 1773 dixit
1133 1723 1294 1773 eidem
1325 1724 1474 1773 idem.
1511 1728 1634 1774 Cum
1663 1727 1741 1786 sit,
1777 1730 1935 1787 Petre,
1965 1727 2181 1775 Christus
2213 1730 2360 1787 Deus,
2395 1746 2422 1776 a

271 1820 370 1868 quo
400 1803 660 1853 Christiani
688 1806 932 1868 dicuntur,
971 1806 1072 1853 sola
1102 1816 1172 1853 est
1205 1822 1321 1870 gens
1344 1815 1525 1865 nostra,
1564 1816 1617 1854 ut
1648 1809 1856 1867 aestimo,
1894 1823 2000 1871 quae
2027 1807 2178 1855 divini
2213 1809 2422 1856 nominis

268 1885 594 1949 appellatione
613 1887 673 1934 sit
695 1887 939 1951 insignita.
965 1888 1016 1934 P.
1062 1888 1157 1952 Ipsi
1183 1886 1337 1952 gloria
1365 1887 1449 1950 qui
1470 1888 1588 1934 tanti
1611 1889 1823 1936 nominis
1855 1888 2057 1952 gloriam
2084 1898 2184 1936 tam
2222 1889 2422 1937 infirmae

267 1966 504 2013 concessit
530 1976 784 2026 creaturae,
822 1977 876 2015 ut
909 1967 1016 2032 ipso
1046 1984 1244 2032 quoque
1272 1966 1513 2014 vocabulo
1545 1968 1589 2014 ei
1620 1969 1763 2033 capiti
1798 1968 1933 2032 cujus
1967 1967 2186 2016 membra
2223 1969 2417 2029 fuimus,

268 2046 534 2108 conjuncti,
564 2063 622 2094 ex
644 2047 746 2112 ipsa
771 2048 984 2094 nominis
1013 2047 1409 2112 interpretatione
1438 2047 1489 2094 id
1521 2048 1654 2111 quod
1675 2048 1879 2095 dicimur
1903 2064 2091 2096 servare
2111 2065 2414 2097 moneamur.

267 2125 483 2172 Christus
509 2126 691 2191 quippe
716 2129 879 2173 Graece
902 2144 931 2174 a
953 2126 1238 2187 Chrismate,
1265 2126 1315 2173 id
1340 2136 1411 2173 est
1434 2127 1662 2174 unctione
1685 2127 1858 2188 dictus,
1889 2128 2052 2175 Latine
2076 2139 2249 2176 unctus
2271 2130 2418 2177 inter-

266 2214 504 2269 pretatur,
531 2205 667 2268 quod
698 2205 941 2254 Haebraice
964 2207 1155 2254 Messias
1177 2216 1334 2254 sonat.
1365 2207 1535 2270 Inungi
1557 2216 1718 2254 autem
1742 2216 1842 2255 tam
1864 2209 2040 2271 Reges,
2066 2224 2213 2273 quam
2246 2211 2417 2257 Sacer-

266 2283 405 2333 dotes
438 2285 677 2334 solebant.
710 2286 923 2351 Ideoque
952 2287 1151 2334 nomine
1179 2286 1421 2333 unctionis
1447 2296 1543 2333 tam
1574 2303 1657 2335 rex
1686 2288 1788 2353 ipse
1818 2304 1965 2352 quam
2000 2289 2223 2336 sacerdos
2250 2299 2415 2338 osten—

265 2364 411 2413 ditur.
447 2368 544 2413 Rex
579 2366 775 2430 quidem
810 2384 897 2433 per
933 2376 1217 2433 potestatem
1250 2383 1346 2431 qua
1379 2383 1492 2413 suos
1527 2384 1695 2415 eruere
1735 2384 1764 2415 a
1807 2368 2026 2433 periculis
2067 2385 2124 2417 ac
2166 2380 2415 2434 protegere

263 2452 450 2508 potest3
476 2444 703 2492 sacerdos
725 2462 813 2510 per
843 2446 1027 2511 proprii
1053 2446 1273 2511 corporis
1295 2444 1696 2507 immolationem,
1723 2462 1820 2510 qua
1845 2462 1968 2509 quos
1990 2447 2115 2493 eruit
2137 2463 2166 2494 a
2194 2447 2409 2509 diabolo,

262 2524 542 2572 reconciliat
565 2528 687 2573 Deo.
720 2529 755 2573 Α
788 2525 979 2573 Christo
1000 2526 1163 2591 itaque
1192 2525 1446 2573 Christiani
1469 2526 1602 2590 quasi
1627 2542 1655 2574 a
1679 2526 1853 2574 Messia
1874 2527 2153 2574 Messianitae
2173 2527 2407 2589 dicimur3

238 2605 312 2653 'id
345 2617 418 2654 est
451 2624 479 2655 a
510 2610 634 2672 Rege
663 2608 746 2656 illo
781 2625 974 2656 summo
1009 2610 1108 2656 sive
1137 2608 1396 2656 Sacerdote
1419 2610 1555 2673 quasi
1586 2608 1784 2673 regales,
1817 2609 1915 2656 sive
1950 2609 2237 2658 sacerdotes.
2265 2611 2410 2668 Quod

261 2685 432 2734 beatus
467 2689 740 2753 exprimens
774 2693 976 2748 Petrus,
1020 2689 1177 2752 regale
1218 2705 1309 2735 nos
1334 2689 1655 2737 sacerdotium
1674 2691 1688 2714 ³
1710 2688 1940 2754 appellat,
1987 2690 2152 2752 quales
2190 2707 2291 2738 esse
2325 2691 2410 2739 de-

261 2765 461 2814 beamus
493 2784 884 2816 eommemorans
910 2787 920 2815 :
949 2779 1124 2816 nostrae
1147 2768 1370 2816 videlieet
1394 2769 1681 2817 carnalitatis
1711 2769 1918 2834 impetus
1957 2770 2187 2832 regendo,
2234 2781 2280 2817 et
2309 2788 2411 2820 ma·

261 2847 398 2894 etatis
436 2846 708 2895 carnalibus
745 2849 1149 2914 concupiscentiis
1188 2865 1279 2896 nos
1316 2849 1463 2913 ipsos,
1483 2851 1588 2897 Deo
1626 2849 1762 2913 quasi
1801 2847 2089 2897 sacrificium
2132 2850 2403 2899 offerendo.

260 2928 425 2975 Gratia
461 2928 631 2992 igitur‘
654 2928 828 2976 Christi
858 2930 907 2976 in
940 2929 1083 2977 nobis
1113 2929 1334 2988 dilatata,
1368 2929 1503 2993 juxta
1535 2929 1654 2976 illud
1688 2929 1924 2995 Apostoli⁶
1956 2947 1966 2976 ε
1996 2949 2019 2974 α
2040 2931 2164 2988 Quia
2199 2931 2406 2980 charitas

259 3007 348 3055 Dei
371 3008 545 3055 diffusa
577 3017 647 3056 est
669 3009 717 3055 in
741 3008 972 3057 cordibus
1004 3010 1181 3057 nostris
1209 3026 1298 3075 per
1317 3009 1548 3074 Spiritum
1573 3018 1794 3057 sanctum
1823 3011 1908 3074 qui
1938 3010 2078 3058 datus
2101 3021 2173 3059 est
2200 3011 2358 3059 nobis.
2380 3033 2401 3056 »

260 3091 446 3136 Nomen
485 3105 681 3154 quoque
717 3088 905 3137 dilatari
939 3089 1285 3151 conveniebat,
1322 3090 1444 3137 sicut
1479 3090 1621 3138 etiam
1660 3090 1708 3136 in
1748 3091 1945 3137 Cantica
1968 3093 2278 3139 Canticorum
2297 3094 2310 3117 ⁶
2335 3092 2407 3139 di-

304 3245 311 3263 ·
326 3242 406 3284 rag.
424 3245 581 3279 327-329.
604 3262 641 3268 —
657 3245 669 3264 ²
684 3243 766 3278 Vide
782 3249 806 3278 t.
825 3243 838 3277 1
858 3244 995 3287 hujusce
1011 3254 1103 3278 novae
1118 3245 1286 3287 editionis,
1304 3254 1380 3287 pag.
1398 3247 1460 3280 566
1477 3249 1510 3279 et
1526 3254 1577 3289 sq.
1598 3263 1635 3270 —
1655 3245 1667 3266 ³
1688 3243 1776 3277 Petr.
1794 3242 1826 3287 1,
1845 3253 1918 3285 cap.
1937 3253 1978 3287 ιι,
1997 3254 2026 3278 v.
2046 3247 2080 3280 9.
2097 3262 2138 3270 —
2153 3248 2164 3266 ⁴
2183 3247 2301 3287 Itaque
2323 3246 2404 3278 Cod.

259 3297 353 3330 2923.
371 3314 411 3322 -
429 3300 440 3320 ⁵
454 3299 569 3341 Rom.,
590 3307 664 3341 cap.
681 3307 722 3341 v,
739 3309 770 3331 v.
787 3301 818 3334 5.
839 3317 875 3323 —
888 3299 901 3319 ⁶
917 3299 1030 3340 Cant„
1049 3308 1121 3341 cap.
1140 3307 1167 3342 1,
1189 3308 1218 3332 v.
1241 3302 1271 3334 2.
