2638 3866
839 213 1186 265 TRACTATUS
1214 216 1293 265 DE
1325 217 1787 269 INTELLECTIBUS.
2293 226 2388 275 735

236 327 374 376 tum,
398 313 513 363 solis
535 314 742 377 scilicet,
781 325 836 364 ut
862 316 1093 380 diximus,
1136 318 1370 369 discretis.
1412 323 1618 370 Tantum
1653 323 1815 388 itaque
1855 325 1980 374 inter
2019 325 2388 376 rationalitatem

236 407 285 447 et
308 397 548 446 rationem
575 397 769 446 differre
799 397 1027 463 arbitror,
1063 411 1300 465 quantum
1328 404 1452 453 inter
1482 405 1754 471 potentiam
1788 406 2014 456 currendi
2045 417 2093 456 et
2122 410 2388 475 potentiam

234 478 371 528 facile
407 478 660 540 currendi,
701 495 760 527 ex
794 495 893 546 qua
931 497 1152 531 cursores
1191 484 1464 541 Aristoteles
1497 484 1707 553 appellat
1744 488 2013 537 secundum
2053 490 2388 539 membrorum

235 559 518 608 flexibilium
540 559 880 627 aptitudinem.
908 562 1215 628 Quicumque
1235 565 1378 629 igitur
1401 567 1594 632 spiritus
1617 580 1675 615 ex
1697 577 1869 616 natura
1891 570 2091 636 propria
2112 570 2387 620 discernere

234 651 410 708 potest,
445 641 814 691 rationalitatem
849 641 1028 705 habet3
1069 645 1308 694 rationem
1333 664 1450 695 vero
1480 647 1559 696 ille
1590 648 1721 697 solus
1756 650 1839 715 qui
1871 650 1966 699 hoc
1999 651 2134 700 facile
2166 669 2388 702 exercere

235 722 390 785 valet,
422 723 556 772 nulla
581 723 730 772 aetatis
764 723 1092 774 imbecillitate
1116 736 1385 776 remoratus
1416 738 1498 777 aut
1524 730 1907 779 inconcinnitate
1935 734 2285 799 complexionis
2315 734 2389 782 sui

233 803 471 869 corporis,
499 821 557 852 ex
581 820 679 870 qua
703 805 1122 871 perturbationem
1147 808 1356 873 aliquam
1380 809 1557 873 trahat,
1579 820 1634 858 ut
1655 811 1853 860 insanus
1876 821 1959 861 aut
1983 813 2156 861 stultus
2177 813 2276 862 fiat.

851 1024 993 1086 Quod
1012 1023 1137 1073 idem
1158 1027 1226 1073 sit
1242 1026 1435 1073 animus
1453 1043 1600 1092 quam
1623 1030 1766 1076 racio,

298 1170 436 1219 ldem
465 1181 627 1220 autem
657 1173 780 1221 ratio
804 1174 939 1240 quod
969 1174 1161 1223 animus
1183 1174 1327 1224 nobis
1350 1176 1541 1224 videtur
1563 1194 1682 1225 esse.
1714 1181 1845 1226 Patet
1868 1178 2032 1244 itaque
2063 1196 2119 1227 ex
2150 1196 2387 1246 suprapo-

233 1252 332 1300 sitis
353 1251 653 1301 intellectum
685 1263 785 1302 tam
807 1271 835 1303 a
858 1271 1002 1303 sensu
1023 1273 1172 1321 quarn
1203 1272 1232 1304 a
1256 1258 1443 1306 ratione
1466 1257 1710 1307 diversum
1740 1275 1859 1321 esse,
1897 1269 1945 1307 et
1972 1276 2084 1308 eum
2119 1262 2387 1309 necessario

232 1350 288 1381 ex
323 1335 513 1383 ratione
535 1335 829 1385 descendere
852 1346 1084 1402 tanquam
1113 1347 1404 1404 perpetuum
1427 1340 1625 1388 rationis
1653 1340 1897 1389 effectum.
1928 1341 2067 1390 Unde
2091 1341 2387 1407 ubicumque

231 1415 352 1463 ratio
375 1433 477 1464 non
496 1417 636 1478 inest,
666 1417 779 1465 inde
805 1418 1103 1467 intellectum
1122 1419 1287 1469 abesse
1310 1437 1504 1470 necesse
1528 1432 1626 1484 est,
1654 1422 1738 1487 qui
1761 1438 1968 1489 semper,
1999 1433 2053 1471 ut
2077 1423 2302 1484 diximus,
2330 1441 2388 1472 ex

230 1497 417 1544 ratione
448 1497 611 1563 aliqua
642 1509 726 1547 aut
759 1509 1011 1561 naturam,
1046 1510 1217 1567 utpote
1248 1501 1462 1550 hominis
1490 1503 1566 1551 vel
1598 1504 1737 1569 equi,
1772 1513 1854 1552 aut
1887 1504 2230 1570 proprietatem
2267 1504 2390 1552 deli-

231 1575 394 1640 berat,
431 1588 599 1645 utpote
635 1580 853 1629 colorem
886 1581 1099 1647 aliquem
1123 1581 1198 1630 vel
1233 1581 1441 1631 formam
1465 1583 1692 1649 subjecti,
1727 1584 1801 1632 vel
1827 1601 1907 1633 eas
1938 1585 2117 1633 scilicet
2144 1586 2193 1633 in
2225 1585 2389 1650 seipsis

230 1659 548 1724 speculando,
577 1661 651 1710 vel
674 1662 1018 1727 conjungendo
1044 1663 1108 1711 ad
1131 1664 1358 1724 invicem,
1386 1665 1486 1713 sive
1508 1665 1850 1730 distinguendo
1873 1665 1935 1714 ab
1959 1666 2184 1714 invicem.

764 1861 1060 1926 Differentiam
1087 1863 1450 1928 imaginatione&
1467 1861 1536 1909 ad
1548 1862 1858 1911 intellectam.

295 2009 368 2057 Ab
402 2010 745 2076 imaginatione
781 2030 980 2078 quoque
1016 2014 1202 2063 clarum
1238 2026 1310 2064 est
1347 2015 1644 2064 intellectum
1677 2016 1908 2081 disjungi,
1951 2033 2064 2065 cum
2101 2018 2386 2082 imaginatio

230 2107 454 2156 quoque,
492 2093 616 2141 sicut
648 2103 696 2141 et
739 2111 930 2157 sensus,
968 2095 1090 2143 nihil
1137 2112 1195 2143 ex
1242 2097 1430 2144 ratione
1463 2096 1723 2157 deliberet,
1759 2096 1843 2145 sed
1877 2097 1927 2144 in
1964 2097 2039 2145 his
2072 2097 2217 2145 rebus
2261 2114 2380 2162 quas

231 2172 467 2220 sensimus
513 2173 636 2221 nihil
678 2175 808 2222 aliud
843 2176 1126 2239 imaginatio
1164 2176 1224 2223 sit
1267 2193 1415 2241 quam
1457 2177 1680 2242 quaedam
1726 2193 1895 2226 sensus
1925 2177 2220 2240 recordatio,
2270 2194 2382 2225 cum

228 2251 453 2301 videlicet
477 2271 530 2302 re
550 2271 699 2319 quam
718 2255 1045 2304 sentiebamus
1067 2255 1282 2319 absente,
1309 2273 1369 2304 6ο
1393 2257 1556 2305 adhuc
1578 2257 1729 2306 modo
1754 2274 1856 2306 sese
1878 2258 2085 2320 animus,
2116 2275 2203 2324 per
2224 2275 2388 2323 quam-

231 2332 344 2381 dam
379 2335 596 2400 quodam
632 2336 785 2384 modo
817 2336 1209 2385 recordationem
1247 2353 1415 2385 sensus
1457 2338 1683 2386 affectum
1719 2339 1914 2401 retinet,
1951 2355 2051 2404 quo
2086 2339 2237 2387 modo
2275 2350 2385 2387 ante

231 2423 350 2474 erat,
383 2429 497 2462 cum
535 2417 751 2476 sentiret,
788 2416 910 2465 nihil
936 2434 1071 2465 nunc
1103 2434 1301 2483 quoque
1337 2434 1422 2484 per
1454 2419 1848 2483 imaginationem
1887 2435 1944 2467 ex
1982 2420 2169 2467 ratione
2204 2419 2386 2467 delibe-

230 2510 365 2555 rans,
398 2496 523 2544 sicut
551 2513 642 2545 nec
671 2508 814 2546 antea
845 2515 933 2564 per
961 2515 1155 2546 sensum
1180 2497 1404 2547 faciebat.
1441 2498 1558 2547 Ideo
1581 2509 1742 2548 autem
1767 2516 1859 2565 per
1889 2501 2280 2565 imaginationem
2303 2500 2387 2547 ad-

225 2574 393 2638 junxi,
426 2578 540 2642 quia
565 2578 764 2643 quando
789 2580 932 2627 simul
965 2580 1244 2644 imaginatio
1274 2589 1323 2628 et
1351 2579 1620 2629 intellectus
1652 2580 1808 2629 eidem
1832 2581 1998 2628 insunt
2031 2581 2227 2637 animae,
2266 2580 2387 2627 sicut

231 2655 508 2721 frequenter
525 2675 692 2707 sensus
713 2669 761 2707 et
786 2660 1072 2722 intellectus,
1100 2677 1200 2708 non
1223 2677 1486 2726 possumus
1510 2677 1687 2725 negare
1708 2661 1828 2726 quin
1852 2660 2137 2710 deliberatio
2160 2660 2380 2725 quaedam

231 2736 361 2799 insit,
390 2738 477 2785 sed
500 2755 587 2804 per
618 2739 942 2803 intellectum,
976 2757 1077 2787 non
1101 2757 1188 2806 per
1214 2741 1627 2805 imaginationem.
1663 2745 1745 2790 Est
1768 2742 1929 2806 itaque
1960 2741 2236 2806 imaginatio
2269 2755 2386 2788 con-

232 2816 336 2866 fusa
359 2818 533 2867 animae
560 2821 826 2886 perceptio,
853 2822 956 2869 sine
980 2837 1123 2870 sensu
1156 2821 1260 2886 ejus
1288 2821 1467 2869 scilicet
1492 2823 1563 2870 rei
1592 2837 1740 2887 quam
1771 2821 2102 2887 imaginariam
2134 2821 2384 2869 confusam

231 2897 455 2962 dicimus,
481 2917 595 2948 cum
618 2900 739 2949 nihil
762 2901 866 2967 ipsa
887 2918 946 2949 ex
967 2902 1155 2950 ratione
1180 2901 1416 2951 deliberet
1438 2903 1562 2951 sicut
1589 2918 1680 2951 nec
1703 2918 1887 2951 sensus.
1914 2904 2049 2968 Saepe
2076 2903 2258 2968 quippe
2281 2917 2386 2950 sen-

230 2978 377 3027 timus
411 2996 468 3029 ea
499 2998 606 3046 quae
638 2998 948 3048 nequaquam
980 2982 1299 3048 intelligentes
1331 2983 1653 3045 attendimus,
1688 2992 1736 3031 et
1768 2999 1880 3032 cum
1916 2983 1978 3032 ad
2010 2984 2247 3032 exteriora
2280 3000 2405 3048 quae.

232 3072 496 3109 occurrunt
516 3062 880 3111 circumferatur
902 3079 1091 3124 sensus;
1115 3064 1304 3112 animus
1328 3074 1489 3113 tamen
1514 3081 1601 3131 per
1618 3064 1914 3113 intellectum
1935 3064 1998 3113 ad
2023 3064 2115 3113 alia
2139 3062 2377 3129 dirigitur.

230 3142 379 3190 Verbi
407 3144 557 3206 gratia
580 3162 590 3190 :
618 3160 731 3192 cum
756 3144 956 3208 alicujus
967 3144 1037 3191 rei
1060 3144 1223 3193 studio
1243 3145 1321 3194 vel
1347 3145 1660 3194 meditatione
1683 3146 1904 3211 occupati
1924 3154 2163 3207 tenemur,
2187 3144 2249 3193 ad
2274 3161 2380 3192 eam

230 3222 552 3287 intelligentiae
579 3235 754 3274 nostrae
776 3226 905 3274 visus
931 3225 1167 3289 dirigitur,
1200 3243 1302 3274 non
1328 3226 1390 3275 ad
1414 3242 1494 3274 eas
1525 3243 1644 3292 quas
1676 3236 1932 3293 praesentes
1963 3227 2037 3275 vel
2069 3226 2283 3274 videmus
2309 3224 2378 3271 vel

234 3301 396 3367 aliquo
433 3305 584 3354 modo
628 3307 878 3355 sentimus.
933 3307 1155 3372 Alioquin
1191 3308 1270 3355 vix
1306 3323 1523 3374 unquam
1557 3317 1684 3362 terra
1721 3307 1799 3357 vel
1832 3306 2008 3356 coelum
2054 3323 2160 3371 quae
2193 3304 2379 3353 assidue
