2638 3866
270 200 332 245 94
1075 188 1246 236 PETRI
1284 187 1600 236 ABAELARDI

269 300 469 359 diversa,
487 312 597 344 cum
611 295 673 341 ita
693 302 791 340 tota
809 291 1073 356 quantitate
1092 307 1188 338 suae
1202 290 1416 338 essentiae
1429 298 1540 337 sunt
1551 289 1774 352 discreta,
1792 300 1845 338 ut
1861 292 1909 338 in
1926 291 2290 355 computatione
2310 292 2403 340 sibi

268 389 445 444 queant
465 374 731 434 admisceri,
757 389 869 421 cum
888 372 1108 420 videlicet
1131 372 1305 420 dicitur
1326 387 1471 434 unUS,
1496 370 1613 431 duo,
1638 380 1751 435 tres,
1771 380 1863 420 etc.
1892 372 2037 430 Quod
2059 381 2177 420 tunc
2205 372 2402 438 quidem

269 459 370 506 fieri
392 466 566 523 potest,
588 471 699 503 cum
716 470 816 502 non
837 452 995 501 solum
1017 452 1113 500 hoc
1134 468 1236 500 non
1261 461 1330 500 est
1348 451 1483 513 illud,
1502 468 1672 500 verum
1689 453 1832 500 etiam
1855 469 1946 500 nec
1959 453 2135 519 ipsum,
2159 469 2250 501 nec
2272 454 2403 501 aliud

249 540 328 586 ‘de
351 540 455 603 ipso
479 545 548 584 est
569 535 631 583 de
653 533 919 583 substantia
942 533 1153 593 alterius,
1175 543 1229 581 ut
1248 532 1329 580 hic
1350 531 1502 580 homo
1524 541 1572 580 et
1600 532 1696 591 ille,
1731 542 1777 580 et
1798 534 1943 581 etiam
1967 534 2015 580 in
2050 532 2219 581 eadem
2255 549 2405 582 mauu

268 620 346 665 hic
367 618 542 681 digitus
563 625 611 664 et
632 615 727 663 ille.
756 616 1050 681 Proprietate
1086 630 1202 662 vero
1229 629 1314 661 seu
1346 612 1626 661 definitione
1660 613 1847 662 diversa
1881 621 2029 674 sunt3‘
2054 630 2160 679 quae
2190 613 2302 662 licet
2322 613 2405 661 ha·

272 699 416 745 beant
437 697 498 744 de
518 713 568 744 se
590 695 856 762 praedicari,
890 710 1001 742 cum
1022 693 1334 742 essentialiter
1353 693 1483 742 idem
1507 702 1648 754 sunt,
1673 693 1943 741 secundum
1977 694 2203 760 proprios
2243 703 2406 742 tamen

266 788 429 836 statuS,
458 777 589 826 aliud
607 787 676 824 est
697 776 841 841 hujus
859 776 1129 841 proprium,
1154 783 1201 822 et
1225 773 1354 822 aliud
1374 773 1515 834 illius,
1540 783 1587 822 et
1610 773 1795 839 singula
1812 775 2021 840 propriis
2041 773 2406 822 definitionibus

267 870 312 906 et
337 861 385 906 in
411 875 551 906 sensu
572 858 771 906 diversis
793 865 906 905 sunt
928 853 1249 904 terminanda.
1278 855 1500 920 Proprias
1520 871 1635 903 vero
1660 854 1965 903 definitiones
1995 871 2166 903 eorum
2196 872 2300 904 esse
2330 855 2403 903 di·

266 941 435 1001 cimus,
456 955 667 1004 quorum
694 955 755 986 ex
777 939 965 1002 integro
997 936 1272 1002 exprimunt
1288 951 1407 994 esse,
1435 945 1488 983 ut
1509 934 1771 984 substantia
1806 951 2042 1002 corporea
2065 937 2299 1003 corporiS,
2331 936 2406 984 vel

267 1028 432 1085 aptum
455 1019 518 1067 ad
540 1018 798 1067 ridendum
817 1017 1027 1078 risibilis,
1046 1016 1123 1065 vel
1142 1015 1328 1064 habens
1347 1015 1619 1064 albedinem
1643 1015 1757 1078 albi,
1778 1032 2074 1082 quamquam
2089 1016 2408 1065 differentiam

265 1100 566 1165 proprietatis
587 1099 765 1147 scilicet
787 1114 870 1146 seu
885 1096 1178 1145 definitionis
1203 1096 1428 1144 Boethius
1450 1096 1500 1144 in
1525 1096 1650 1144 libro
1678 1097 1974 1145 Divisionum
1988 1096 2241 1161 diligenter
2254 1106 2408 1145 atten-

265 1179 402 1242 dens,
429 1180 660 1228 rationale
676 1188 724 1227 et
740 1179 895 1244 bipes,
912 1195 1017 1244 quae
1036 1178 1168 1226 idem
1183 1193 1389 1225 numero
1408 1178 1645 1241 contingit
1664 1193 1783 1239 esse,
1808 1177 2002 1225 differre
2024 1187 2186 1225 tamen
2208 1177 2283 1225 his
2302 1194 2407 1226 ver-

251 1261 337 1308 ‘bis
351 1261 537 1308 asserit¹
552 1278 566 1307 .·
586 1260 868 1318 «Quoniam
887 1275 1004 1307 vero
1021 1257 1244 1324 quaedam
1256 1267 1367 1305 sunt
1380 1274 1485 1323 quae
1503 1257 1750 1318 differunt,
1767 1275 1873 1324 quae
1890 1269 2061 1306 contra
2077 1275 2125 1306 se
2142 1259 2192 1306 in
2213 1258 2408 1306 divisio-

263 1340 404 1388 nibus
437 1341 555 1406 poni
580 1357 679 1387 non
720 1339 915 1401 debent,
943 1348 995 1386 ut
1026 1339 1075 1386 in
1110 1337 1306 1386 animali
1345 1338 1581 1386 rationale
1620 1349 1668 1387 et.
1711 1339 1866 1405 bipeS.
1896 1339 2064 1387 Nullus
2097 1340 2228 1387 enim
2259 1339 2403 1387 dicit:

264 1421 543 1469 animalium
561 1421 653 1468 alia
677 1429 790 1468 sunt
820 1418 1087 1480 rationalia,
1110 1419 1202 1467 alia
1220 1417 1344 1466 duos
1362 1417 1512 1483 pedes
1535 1417 1783 1477 habentia,
1809 1419 1991 1467 idcirco
2012 1420 2144 1485 quod
2172 1406 2407 1468 rationale
2432 1445 2435 1449 ,

264 1511 310 1547 et
325 1501 460 1566 bipes
473 1501 585 1548 licet
604 1500 844 1561 differant,
865 1499 997 1548 nulla
1011 1509 1173 1548 tamen
1191 1516 1220 1547 a
1242 1515 1292 1546 se
1315 1499 1624 1565 oppositione
1647 1498 2024 1565 distinguuntur,
2046 1510 2136 1547 etc.
2162 1519 2185 1545 >›
2208 1500 2341 1547 Idem
2356 1501 2407 1547 in

265 1582 421 1647 primo
447 1582 743 1647 Topicorum,
769 1597 882 1628 curn
902 1581 1285 1647 propositionem
1301 1590 1348 1627 et
1362 1581 1673 1645 quaestionem
1694 1590 1742 1628 et
1765 1581 2128 1629 conclusionem
2145 1579 2405 1643 definisset,

265 1673 309 1709 et
332 1663 430 1709 suis
451 1661 637 1726 singula
662 1660 1034 1726 proprietatibus
1061 1660 1372 1719 distinxisset3
1405 1659 1708 1708 ostendendo
1730 1661 1906 1709 scilicet
1929 1662 2063 1726 quod
2095 1661 2408 1727 unumquod-

264 1759 376 1807 que,
407 1751 642 1807 quantum
678 1758 736 1790 ex
768 1742 816 1789 vi
853 1751 901 1789 et
941 1750 1109 1789 natura
1133 1741 1329 1806 propria
1361 1742 1641 1806 requireret,
1675 1740 1806 1788 idem
1829 1758 2035 1789 numero
2057 1742 2159 1789 haec
2189 1742 2279 1789 tria
2308 1759 2409 1790 esse

265 1831 567 1880 monstraret,
604 1822 920 1869 nihilominus
951 1831 1112 1870 tamen
1144 1838 1202 1869 ea
1237 1820 1428 1868 differre
1469 1820 1736 1869 secundum
1760 1823 2094 1887 proprietates,
2128 1838 2248 1887 quas
2285 1823 2411 1870 assi-—

264 1911 508 1966 gnaverat,
542 1902 751 1950 ostendit
786 1902 1009 1950 dicens²:
1043 1922 1066 1947 κ
1099 1901 1233 1950 Idem
1264 1903 1407 1966 igitur
1442 1911 1512 1950 est
1546 1903 1814 1968 propositio
1852 1903 2103 1968 quomodo
2141 1903 2406 1964 conclusio,

264 1984 347 2032 sed
383 1983 612 2031 differunt
642 1982 916 2049 supradicto
959 1982 1125 2030 modo.
1157 2002 1179 2026 »
1219 1985 1378 2041 Quam
1409 1981 1605 2048 quidem
1637 1982 1956 2031 differentiam
1993 1994 2040 2031 et
2069 1987 2120 2030 B.
2147 1984 2409 2047 Gregorius

264 2064 515 2129 diligenter
553 2062 864 2112 considerans
895 2063 979 2112 lib.
1027 2063 1288 2111 Moralium
1313 2066 1443 2125 XXI,
1470 2065 1560 2111 ait³
1586 2082 1596 2110 z
1644 2084 1667 2107 «
1704 2066 1809 2112 Hoc
1833 2065 1959 2112 inter
1984 2073 2236 2129 peccatum
2260 2064 2405 2112 distat

264 2153 309 2190 et
339 2145 541 2206 crimen,
578 2144 713 2209 quod
749 2160 895 2192 omne
935 2144 1119 2191 crimen
1152 2153 1406 2209 peccatum
1430 2154 1529 2202 est,
1571 2144 1656 2192 sed
1687 2160 1787 2191 non
1833 2161 1979 2192 omne
2021 2154 2275 2210 peccatum
2309 2145 2400 2191 cri-

264 2237 393 2268 men.
423 2242 445 2265 »
486 2223 664 2269 Rursus
700 2222 927 2269 Boethius
962 2222 1012 2269 in
1045 2220 1276 2287 praedicto
1312 2221 1439 2269 libro
1484 2223 1806 2287 Topicorum,
1845 2231 1899 2270 ut
1922 2223 2022 2287 jam
2055 2238 2202 2288 supra
2242 2222 2411 2270 memi-

264 2303 455 2363 nimus,
499 2318 609 2350 cum
651 2302 784 2350 illam
829 2303 1173 2367 quaestionem,
1223 2312 1390 2350 utrum
1434 2301 1566 2350 idem
1596 2301 1657 2349 sit
1694 2302 1811 2350 utile
1846 2303 1983 2368 quod
2018 2303 2310 2367 honestum,
2349 2303 2411 2351 de

264 2381 544 2430 definitione
575 2398 678 2430 esse
699 2382 842 2430 docet
874 2382 1063 2441 dicens,
1090 2382 1358 2430 secundum
1391 2382 1512 2440 haec,
1553 2382 1810 2447 quomodo
1846 2383 2119 2431 definitioni
2145 2393 2215 2431 est
2243 2399 2415 2447 aggre-

266 2462 462 2524 ganda⁴.
487 2465 705 2521 Quarum
741 2463 872 2510 enim
902 2480 1067 2511 rerum
1091 2462 1263 2510 eadem
1285 2462 1505 2510 definitio
1546 2471 1636 2521 est,
1672 2462 1784 2527 ipsae
1817 2463 2016 2526 quidem
2053 2463 2235 2512 eaedem
2268 2473 2406 2524 sunt3

264 2558 468 2605 quarum
502 2558 618 2590 vero
658 2542 847 2591 diversa
885 2543 1165 2592 substantiae
1193 2544 1316 2591 ratio
1347 2553 1435 2604 est,
1468 2544 1581 2609 ipsae
1615 2543 1760 2590 etiam
1792 2554 1905 2592 sunt
1940 2544 2155 2603 diversae,
2195 2554 2415 2610 patenter

266 2621 500 2684 ostendit,
533 2639 834 2687 quaecunque
875 2622 1238 2671 definitionibus
1278 2624 1488 2690 propriis
1534 2623 1829 2690 discrepant,
1869 2625 1958 2672 etsi
1998 2625 2168 2673 eadem
2208 2641 2413 2672 numero

267 2701 346 2748 illa
375 2719 474 2750 esse
501 2704 764 2768 contingat,
796 2712 851 2751 ut
881 2703 1053 2752 eadem
1084 2703 1308 2752 videlicet
1335 2721 1412 2753 res
1443 2705 1604 2770 aliqua
1631 2705 1727 2753 hoc
1750 2705 1812 2752 sit
1840 2714 1889 2753 et
1922 2705 2062 2764 illud,
2097 2705 2415 2754 nihilominus

267 2792 426 2830 tamen
447 2783 528 2831 illa
550 2785 643 2832 dici
674 2785 878 2833 diversa.
904 2786 1064 2844 Quod,
1082 2796 1128 2834 et
1154 2785 1449 2852 Porphyrius
1475 2797 1587 2835 ante
1621 2787 1672 2834 in
1708 2787 1921 2852 Isagogzls·
1942 2788 2040 2835 suis
2076 2787 2308 2835 docuerat
2341 2787 2416 2835 di-

268 2865 434 2909 cens‘:
461 2866 720 2922 «Quorum
752 2867 945 2914 termini
976 2867 1413 2933 suntstdifferentes,
1452 2868 1554 2934 ipsa
1589 2883 1786 2933 quoque
1818 2877 1930 2915 sunt
1961 2867 2248 2916 differentia.
2269 2887 2292 2912 n
2319 2868 2414 2925 Qui

268 2942 408 2989 etiam
431 2959 543 2990 cum
572 2945 661 2991 ait⁶
684 2964 695 2992 :
729 2964 751 2990 «
777 2946 1167 2995 Differentiarum
1198 2947 1299 2995 aliae
1326 2947 1525 3012 quidem
1557 2958 1668 2997 sunt
1693 2948 1964 2996 secundum
1999 2965 2118 3013 quas
2155 2947 2415 2996 dividimus

269 3037 441 3082 genera
465 3022 514 3069 in
538 3024 736 3087 specieS,
762 3025 864 3072 aliae
885 3026 1152 3074 secundum
1178 3043 1298 3092 quas
1325 3043 1382 3075 ea
1405 3044 1513 3093 quae
1531 3029 1719 3077 diversa
1742 3038 1855 3076 sunt
1874 3028 2229 3093 specificantur,
2264 3046 2285 3073 υ
2317 3026 2412 3074 hoc

311 3229 316 3246 ¹
334 3227 407 3260 Lib.
427 3227 604 3314 Diffisffdp.
617 3229 695 3324 34¹1.
711 3230 768 3253 —²
787 3229 832 3262 De
848 3229 934 3271 Disf.
954 3231 1049 3272 Tap„
1070 3231 1126 3263 lib.
1145 3229 1171 3270 1,
1185 3239 1219 3271 p.
1242 3232 1316 3264 857.
1330 3247 1368 3255 -—
1382 3232 1394 3252 ³
1410 3231 1489 3272 Cap.
1508 3240 1568 3265 ιιι.
1589 3249 1625 3255 -
1637 3232 1707 3266 ‘De
1724 3233 1808 3275 Difs.
1828 3234 1922 3275 Top..
1941 3232 1998 3265 lib.
2019 3231 2051 3273 1,
2072 3241 2105 3272 p.
2125 3232 2196 3265 860.
2220 3247 2259 3252 —
2276 3231 2287 3250 ⁵
2303 3229 2412 3270 Isaq„

268 3289 338 3321 cap.
358 3289 404 3313 111.
422 3298 459 3305 —
538 3281 551 3313 i
575 3304 599 3322 .,
677 3283 709 3315 2.
