2638 3866
911 238 1253 295 THEOLOGlA
1288 248 1657 298 CHRISTlANA.
2261 248 2347 296 451

212 369 312 402 non
346 350 508 400 verba.
534 350 663 410 Quid
696 350 825 398 enim
854 347 1051 414 prodest
1084 345 1230 396 clavis
1252 366 1414 411 aurea,
1454 350 1493 397 si
1517 350 1702 417 aperire
1724 348 1859 414 quod
1880 348 2106 398 volumus
2137 365 2237 397 non
2271 367 2358 416 po·

212 432 333 483 test?
362 442 446 481 aut
476 431 595 497 quid
621 431 760 479 obest
791 430 965 495 lignea,
995 427 1034 475 si
1066 426 1164 475 hoc
1193 440 1368 495 potest,
1394 430 1593 496 quando
1627 430 1748 478 nihil
1780 431 2054 496 quaerimus,
2082 431 2173 478 nisi
2195 441 2358 496 patere

213 513 346 578 quod
370 513 585 561 clausum
611 512 717 560 est?
745 531 767 554 ι)

281 599 336 642 At
357 595 479 642 sicut
501 609 755 641 erroneam
784 593 1069 659 penitusque
1094 593 1470 644 irrationabilem
1494 610 1597 642 esse
1620 592 1786 641 talium
1812 592 2235 658 reprehensionem
2258 610 2358 642 non

213 674 527 741 ambigimus3
566 675 630 723 ita
667 683 714 722 et
748 691 919 722 eorum
960 675 1255 742 impietatem
1291 676 1550 723 maximam
1587 673 1890 740 profitemur,
1930 674 2011 739 qui
2051 673 2236 721 donum
2272 675 2359 722 Dei

214 757 479 807 maximum
517 756 651 822 quod
691 772 748 804 ex
785 755 1044 806 collatione
1082 758 1289 806 scientiae
1325 766 1663 822 susceperunt,
1704 754 2014 822 improbitate
2053 772 2138 804 sua
2176 756 2359 821 culpari

214 838 395 887 faciunt
426 848 569 904 atque
604 837 847 898 vilescere,
889 847 937 886 et
963 839 1254 888 immeritam
1287 848 1432 904 atque
1467 839 1776 886 innocentem
1809 847 1961 885 artem
1997 838 2047 884 in
2076 853 2171 884 suae
2208 837 2360 903 culpae

212 918 410 967 trahunt
449 918 899 985 participationem,
937 920 1073 985 quod
1113 919 1361 986 quondam
1402 928 1450 967 et
1496 919 1557 967 de
1587 918 1829 966 rhetorica
1878 918 2133 982 contigisse
2171 918 2219 964 in
2259 918 2362 984 ipsa

213 999 374 1048 statim
407 999 589 1047 Tullius
613 999 865 1047 Rhetorica
892 1000 1128 1061 meminit,
1156 1011 1203 1048 et
1232 1017 1324 1047 nos
1356 999 1575 1065 quotidie
1597 999 1749 1047 modo
1772 998 1834 1046 de
1856 997 2103 1046 dialectica
2134 997 2235 1045 fieri
2262 1015 2359 1045 non

212 1079 508 1144 ignoramus.
541 1080 733 1147 Quippe
770 1081 892 1128 sicut
928 1081 1058 1130 illam
1090 1082 1440 1130 malitiosorum
1485 1090 1735 1129 oratorum
1772 1079 1968 1127 solertia
2004 1078 2231 1127 omnibus
2267 1079 2362 1126 fere

212 1159 355 1209 bonis
378 1161 668 1209 *hominibus
698 1161 918 1210 odiosam
956 1162 1157 1224 fecerat,
1197 1171 1394 1228 propter
1416 1161 1728 1209 incommoda
1765 1161 1943 1208 scilicet
1970 1159 2238 1207 civitatibus
2274 1176 2362 1225 per

213 1257 320 1289 eam
355 1241 632 1307 frequenter
665 1241 822 1304 illata3
862 1243 924 1290 ita
957 1253 1004 1291 et
1038 1243 1139 1308 jam
1179 1243 1277 1291 fere
1313 1242 1542 1290 omnibus
1564 1242 1792 1308 religiosis
1816 1240 2229 1308 contemptibilem
2252 1240 2361 1288 red-

214 1321 336 1370 didit
363 1322 662 1371 dialecticam
697 1323 1052 1389 impudentium
1081 1324 1374 1372 scholarium
1405 1324 1506 1388 ejus
1530 1323 1626 1370 vita
1654 1333 1701 1370 et
1724 1321 1993 1386 garrulitas,
2029 1330 2243 1370 sanctam
2275 1322 2362 1370 Dei

214 1402 473 1461 civitatem,
509 1420 614 1469 quae
647 1412 718 1451 est
753 1404 981 1467 Ecclesia,
1025 1404 1289 1470 plurimum
1327 1403 1751 1460 conturbantium3
1794 1403 1877 1467 qui
1913 1401 2031 1449 dum
2071 1401 2359 1450 intolerabili

212 1482 502 1532 verbositate
532 1485 732 1548 gloriam
767 1484 859 1532 sibi
893 1502 1175 1552 comparare
1209 1485 1446 1545 nituntur,
1482 1501 1582 1531 non
1610 1484 1723 1532 sinit
1746 1483 1949 1531 miseros
1981 1482 2363 1531 animadvertere

213 1563 466 1627 singularis
502 1581 672 1612 eorum
704 1565 946 1631 superbia,
981 1567 1031 1613 in
1059 1576 1289 1632 quantam
1318 1582 1482 1613 secum
1506 1564 1820 1630 ignominiam
1854 1564 2008 1630 ipsam
2037 1562 2098 1611 de
2128 1579 2225 1627 qua
2252 1563 2363 1628 glo-—

214 1644 399 1692 riantur
433 1645 860 1709 artem-dejiciant.
890 1647 1131 1695 Adversus
1160 1646 1511 1713 impudentiam
1546 1662 1758 1711 quorum
1787 1654 1834 1692 et
1860 1644 2041 1692 Tullius
2066 1644 2115 1691 in
2146 1644 2362 1692 secundo

214 1723 472 1772 Rhetoricae
507 1725 570 1773 ad
603 1726 900 1774 Herennium
933 1727 1151 1775 invectus
1178 1728 1270 1789 ait,
1306 1727 1368 1775 de
1401 1741 1543 1774 causa
1572 1725 1752 1773 scilicet
1779 1724 1993 1789 ambigui
2022 1724 2185 1790 scripti
2217 1724 2364 1773 disse-

214 1819 325 1852 rens
358 1804 454 1852 hoc
490 1805 664 1853 modo¹
703 1824 713 1853 :
751 1827 774 1850 «
796 1808 917 1855 Sunt
951 1808 1036 1873 qui
1070 1806 1363 1856 arbitrentur
1396 1806 1458 1854 ad
1491 1806 1620 1854 hanc
1651 1822 1847 1854 causam
1880 1805 2183 1854 tractandam
2222 1804 2365 1853 vehe-

215 1893 400 1932 menter
417 1886 660 1950 pertinere
679 1887 1006 1951 cognitionem
1028 1887 1500 1954 amphibologiarum
1519 1903 1626 1935 eam
1646 1903 1753 1952 quae
1775 1902 1802 1934 a
1825 1885 2085 1934 dialecticis
2103 1885 2362 1952 profertur.

214 1967 312 2012 Nos
341 1981 460 2013 vero
492 1965 784 2016 arbitramur
806 1985 907 2016 non
933 1968 1084 2017 modo
1110 1968 1245 2017 nullo
1270 1969 1553 2033 adjumento
1583 1984 1703 2028 esse,
1736 1966 1820 2014 sed
1843 1967 2006 2033 potius
2035 1967 2245 2015 maximo
2274 1967 2365 2015 im-

214 2045 511 2111 pedimento.
539 2049 722 2095 Omnes
756 2049 886 2096 enim
911 2049 978 2097 illi
1002 2049 1388 2115 amphibologias
1412 2058 1716 2114 aucupantur
1746 2064 1825 2095 eas
1848 2048 1991 2095 etiam
2014 2064 2120 2112 quae
2147 2056 2282 2113 parte
2309 2064 2365 2095 ex

215 2127 362 2175 altera
392 2128 679 2176 sententiam
712 2129 895 2176 nullam
918 2140 1122 2195 possunt
1145 2129 1467 2195 interpretari.
1499 2132 1664 2193 ltaque
1687 2137 1734 2176 et
1755 2128 1898 2175 alieni
1921 2127 2157 2175 sermonis
2178 2126 2366 2174 molesti

215 2206 621 2272 interpellatores,
660 2217 709 2256 et
742 2209 907 2274 scripti
944 2219 1047 2255 tum
1084 2209 1270 2270 odiosi,
1311 2220 1411 2257 tum
1448 2209 1643 2257 obscuri
1677 2209 1963 2274 interpretes
2000 2217 2134 2267 sunt;
2168 2217 2214 2254 et
2248 2207 2366 2255 dum

215 2297 354 2335 caute
387 2298 435 2335 et
464 2288 687 2354 expedite
717 2290 853 2354 loqui
886 2291 1085 2350 volunt,
1115 2291 1422 2338 infantissimi
1458 2291 1781 2357 reperiuntur.
1818 2292 1885 2336 Ita
1921 2288 2039 2336 dum
2072 2297 2291 2336 metuunt
2317 2289 2364 2336 in

215 2367 425 2416 dicendo
463 2385 526 2416 ne
561 2369 680 2434 quid
714 2370 996 2435 ambiguum
1030 2370 1209 2430 dicant,
1250 2387 1430 2419 nomen
1467 2387 1609 2418 suum
1645 2370 1970 2437 pronunciare
2008 2385 2106 2417 non
2145 2378 2361 2435 possunt.

220 2450 396 2496 Verum
427 2448 605 2497 horum
639 2451 845 2515 pueriles
872 2451 1127 2516 opiniones
1149 2451 1424 2500 rectissimis
1443 2451 1739 2512 rationibus,
1765 2467 1878 2499 cum
1898 2451 2048 2511 voleS‚
2076 2449 2361 2498 refellemus.

218 2530 270 2575 In
317 2528 566 2595 praesentia
607 2529 702 2578 boc
743 2531 1032 2580 interdicere
1082 2548 1182 2579 non
1230 2532 1441 2580 alienum
1473 2532 1588 2594 fuit,
1626 2541 1680 2578 ut
1714 2531 1857 2595 hujus
1886 2530 2099 2578 infantiae
2129 2529 2365 2594 garrulam

218 2607 520 2675 disciplinam
553 2620 993 2660 contemneremus.
1011 2633 1034 2656 n
1060 2612 1156 2660 Sed
1178 2630 1268 2661 nec
1299 2614 1400 2679 ipse
1434 2612 1672 2660 maximus
1703 2628 1876 2659 eorum
1906 2619 2171 2676 praeceptor
2193 2610 2367 2656 Aristo·

219 2688 334 2736 teles
371 2690 654 2754 sophisticas
684 2692 901 2757 ipsorum
928 2694 1316 2758 importunitates
1346 2694 1535 2741 reticuit
1562 2692 1729 2739 dicens
1756 2692 1805 2739 in
1840 2692 1999 2757 primo
2031 2692 2151 2737 Peri
2179 2689 2366 2736 herme-

220 2769 328 2815 nias
354 2787 367 2815 .·
398 2790 420 2813 ι(
442 2773 500 2817 Et
518 2787 860 2837 quaecumque,
894 2774 1078 2837 inquit,
1111 2783 1268 2821 cetera
1303 2773 1472 2820 talium
1505 2772 1881 2820 determinamus
1910 2780 2080 2818 contra
2110 2785 2366 2834 argumen-

220 2856 380 2896 torum
404 2850 687 2915 sophisticas
714 2852 1118 2917 importunitates,
1143 2872 1165 2897 ι)
1200 2853 1284 2899 His
1317 2861 1363 2900 et
1397 2851 1474 2899 illa
1496 2851 1809 2899 saluberrima
1832 2861 1932 2898 tam
1966 2849 2173 2916 apostoli
2207 2850 2363 2910 Pauli,

220 2945 365 2993 quam
397 2932 450 2977 B.
477 2928 712 2978 Ambrosii
742 2931 1019 2979 adhortatio
1045 2941 1282 2979 consonat
1313 2930 1438 2979 libro
1462 2933 1502 2978 tl
1526 2930 1584 2978 de
1608 2930 1726 2979 Fide
1757 2930 1825 2978 ad
1846 2932 2134 2979 Gratianum
2156 2932 2367 2996 impera·

221 3021 431 3058 rator-em
459 3011 527 3058 sic
560 3012 836 3060 continens’
862 3032 872 3060 :
905 3033 927 3057 ει
945 3014 1186 3079 Scriptum
1216 3012 1329 3074 est⁸,
1359 3014 1567 3060 «Cavete
1600 3029 1663 3060 ne
1696 3013 1805 3078 quis
1839 3029 1925 3060 vos
1957 3010 2260 3078 depraedetur
2282 3027 2369 3078 per

222 3111 247 3134 α
271 3090 631 3157 philosophiam
672 3102 720 3140 et
758 3094 954 3143 inanem
986 3093 1337 3153 seductionem,
1376 3093 1646 3141 secundum
1686 3093 1995 3142 traditionem
2029 3092 2285 3140 hominum
2323 3102 2370 3140 et

225 3190 247 3215 «
276 3171 544 3219 secundum
568 3172 806 3221 elementa
824 3173 968 3239 huJus
992 3174 1178 3231 mundi,
1197 3183 1243 3221 et
1266 3191 1365 3222 non
1389 3173 1656 3222 secundum
1677 3173 1938 3222 Christum.
1964 3175 2213 3221 »Omnem
2237 3176 2367 3221 enim

268 3358 365 3400 ¹Cap.
386 3368 431 3393 xi.
455 3379 490 3385 —
506 3363 517 3382 ²
534 3362 740 3403 Ambrosius,
756 3364 794 3396 de
812 3362 911 3403 Fide,
929 3364 987 3396 tib.
1004 3362 1036 3405 1,
1056 3373 1127 3405 cap.
1148 3372 1179 3395 v.
1194 3380 1234 3387 —
1257 3363 1269 3383 ³
1283 3362 1411 3405 σοῖσι,
1429 3372 1502 3405 cap.
1519 3371 1561 3404 n,
1578 3370 1609 3397 v.
1627 3365 1659 3396 8.
