2638 3866
1189 211 1496 261 DlALOGUS.
2319 214 2415 263 659

270 307 404 357 tendi
437 307 611 374 possit,
639 308 762 356 sicut
796 309 927 357 nulla
963 325 1090 359 nova
1125 328 1443 361 numerorum
1474 313 1675 362 nomina
1710 313 2034 364 millenarium
2072 313 2329 363 excedunt.
2363 318 2420 362 Et

269 389 403 438 alibi¹
425 406 437 437 ε
459 408 480 431 «
500 388 660 436 Sancti
676 398 846 449 estote,
862 390 975 455 quia
993 407 1081 455 ego
1101 402 1293 441 sanctus
1311 410 1436 454 sum,
1456 394 1695 442 Dominus
1711 397 1841 443 Deus
1861 405 2033 443 vester.
2058 416 2080 439 n
2104 398 2222 443 Item
2239 395 2383 443 infra·
2404 414 2414 442 :

272 489 295 515 «
314 467 690 518 Sanctificamini
716 479 764 517 et
793 470 943 518 sancti
973 481 1150 533 estote,
1184 474 1298 538 quia
1330 490 1419 539 ego
1452 491 1559 522 sum
1588 485 1782 530 sanctus
1810 476 2048 524 Dominus
2083 479 2212 524 Deus
2241 486 2414 524 vester.

269 549 521 598 Custodite
553 559 789 616 praecepta
813 566 919 597 mea
946 560 994 598 et
1018 551 1156 599 facite
1182 568 1255 600 ea.
1284 556 1385 618 Ego
1409 555 1649 602 Dominus
1673 555 1757 619 qui
1780 556 2027 604 sanctifico
2051 573 2153 604 vos,
2177 578 2198 601 »
2227 559 2290 603 Et
2309 566 2419 622 post

269 630 490 695 aliqua‘:
522 650 545 674 «
565 630 705 678 Eritis
726 631 879 678 sancti
898 631 1011 694 mei,
1037 632 1152 697 quia
1172 650 1280 681 sum
1302 644 1495 683 sanctus
1512 636 1769 697 Dominus,
1796 647 1842 684 et
1865 638 2079 702 separavi
2101 654 2185 685 vos
2202 654 2230 685 a
2249 639 2418 685 ceteris

271 710 464 777 populis
486 719 540 758 ut
561 711 725 758 essetis
753 711 865 759 mei.
888 730 911 757 »
935 714 992 759 Et
1014 712 1211 760 iterum*
1234 731 1245 760 ε
1276 735 1298 758 «
1320 718 1420 779 Ego
1452 716 1692 763 Dominus
1715 717 1797 781 qui
1821 716 2067 764 sanctifico
2094 734 2181 765 vos
2203 727 2250 765 et
2275 718 2419 765 eduxi

270 792 332 840 de
355 802 480 841 terra
504 792 692 858 Egypti,
716 802 769 841 ut
791 809 944 842 essem
967 792 1107 842 vobis
1133 794 1182 841 in
1210 797 1384 843 Deum.
1410 814 1434 841 »
1464 799 1521 843 Et
1544 799 1759 844 rursum‘
1782 815 1792 844 :
1829 798 1920 845 «Si
1949 798 1998 845 in
2027 799 2273 864 praeceptis
2301 799 2419 847 meis

270 871 650 933 ambulaveritis,
676 890 858 939 ponam
886 873 1252 923 tabernac-ulum
1274 891 1437 923 meum
1467 876 1516 922 in
1542 876 1705 925 medio
1729 878 1900 937 vestri,
1930 888 1975 926 et
1996 895 2095 925 non
2121 878 2312 943 abjiciet
2334 896 2420 925 vos

272 953 433 1002 anima
458 969 583 1001 mea.
605 971 628 998 »
653 956 711 1001 Et
730 953 844 1002 alibi
859 956 872 980 ⁶
893 973 904 1002 :
931 974 954 1000 t<
977 955 1096 1013 Quis
1114 954 1219 1018 det,
1245 956 1420 1021 inquit,
1445 956 1590 1004 talem
1610 973 1695 1005 eos
1713 956 1894 1005 habere
1916 968 2128 1006 mentem
2153 969 2204 1006 ut
2223 960 2422 1006 timeant

271 1051 350 1083 me
377 1044 424 1083 et
457 1034 733 1083 custodiant
766 1036 991 1084 universa
1023 1036 1251 1085 mandata
1276 1053 1413 1098 mea,
1443 1038 1491 1084 in
1523 1039 1658 1085 omni
1689 1048 1909 1104 tempore
1936 1050 1987 1086 ut
2016 1039 2143 1087 bene
2168 1040 2227 1086 sit
2255 1040 2348 1098 eis,
2376 1049 2422 1086 et

272 1114 379 1163 filiis
410 1131 582 1163 eorum
613 1116 663 1163 in
695 1117 1072 1183 sempiternum?
1093 1137 1116 1163 »
1143 1120 1252 1185 Egi}
1286 1127 1450 1184 aperte
1481 1118 1720 1166 Dominus
1751 1118 2023 1184 profitetur,
2056 1136 2112 1167 ex
2148 1119 2422 1167 obedientia

270 1195 431 1260 legum
455 1196 796 1263 sempiternam
823 1198 1262 1246 remunerationem
1278 1236 1290 1260 ,
1317 1215 1418 1246 non
1442 1216 1546 1264 quae
1570 1198 1718 1247 finem
1746 1199 1907 1247 habet.
1935 1202 2122 1264 Moyses
2144 1201 2286 1248 etiam
2314 1209 2423 1264 post

270 1274 429 1339 illam,
468 1293 615 1342 quam
645 1294 793 1343 supra
817 1278 1078 1326 meministi
1102 1280 1543 1328 remunerationem
1568 1290 1824 1338 terrenam,
1852 1280 1926 1327 his
1957 1281 2041 1344 qui
2072 1281 2225 1344 legem
2263 1290 2423 1327 custo-

270 1356 428 1417 diunt,
446 1358 682 1423 adjunxit,
709 1359 1088 1407 misericordiam
1115 1360 1182 1408 eis
1207 1360 1402 1426 insuper
1423 1377 1452 1408 a
1474 1363 1578 1408 Deo
1599 1360 1913 1426 implendam,
1936 1370 2155 1426 patenter
2175 1360 2315 1408 aliam
2342 1377 2423 1407 no-

271 1437 346 1485 bis
368 1454 516 1503 quam
539 1448 780 1487 terrenam
797 1440 1238 1488 remunerationem
1260 1441 1509 1507 pollicens.
1537 1444 1659 1489 Cum
1683 1441 1813 1489 enim
1829 1441 2153 1506 praemiseriU:
2182 1459 2204 1483 α
2224 1443 2281 1486 Et
2299 1439 2424 1487 bene

271 1518 330 1566 sit
351 1518 490 1567 vobis
514 1520 701 1568 cunctis
730 1520 902 1568 diebus
929 1521 1038 1568 vitae
1070 1531 1239 1569 vestrm
1261 1521 1383 1569 sicut
1406 1531 1476 1568 est
1498 1521 1665 1582 hodie,
1687 1522 1885 1569 »statim
1908 1521 2139 1569 adnexuit
2160 1539 2171 1568 :
2192 1542 2214 1564 «
2233 1522 2425 1585 Eritque

273 1600 425 1647 nostri
448 1601 741 1661 misericors,
765 1602 803 1648 si
831 1602 1201 1650 custodierimus
1223 1612 1270 1650 et
1292 1602 1545 1650 fecerimus
1565 1603 1730 1651 omnia
1753 1611 1990 1668 praecepta
2012 1603 2116 1666 ejus
2142 1602 2265 1649 sicut
2289 1618 2425 1649 man-

272 1680 404 1728 davit
438 1680 599 1743 nobis,
624 1703 646 1726 »
676 1692 724 1730 et
746 1681 1039 1747 quibusdam
1065 1684 1376 1748 interpositis,
1404 1700 1517 1731 cum
1550 1683 1745 1731 dixisset
1773 1701 1784 1730 z
1815 1685 1918 1730 «Te
1941 1681 2082 1746 elegit
2110 1682 2349 1731 Dominus
2375 1692 2427 1729 ut

271 1761 333 1808 sis
363 1762 406 1808 ei
436 1761 648 1828 populus
680 1762 935 1828 peculiaris
970 1764 1032 1811 de
1059 1765 1245 1811 cunctis
1277 1763 1488 1830 populis,
1511 1783 1533 1807 >2
1559 1763 1735 1827 adjecit
1756 1763 1978 1811 inferius⁸
2005 1779 2015 1808 ε
2050 1782 2071 1805 «
2098 1765 2152 1808 Et
2175 1762 2293 1809 scies
2314 1763 2427 1826 quia

270 1844 512 1890 Dominus
540 1846 670 1891 Deus
693 1853 806 1891 tuus
829 1843 930 1909 ipse
956 1847 1087 1892 Deus
1118 1846 1253 1893 fortis
1282 1855 1330 1893 et
1355 1844 1536 1904 fidelis,
1568 1844 1844 1892 custodiens
1867 1853 2063 1910 pactum
2087 1852 2133 1891 et
2156 1843 2427 1891 misericor·

271 1922 403 1970 diam
426 1922 736 1988 diligentibus
755 1941 806 1972 se
834 1934 882 1972 et
900 1924 976 1972 his
998 1926 1083 1990 qui
1106 1925 1386 1973 custodiunt
1411 1935 1650 1991 praecepta
1673 1925 1775 1988 ejus
1794 1925 1844 1971 in
1871 1924 2000 1971 mille
2023 1924 2370 1988 generationes.
2402 1944 2424 1967 »ι

271 2005 430 2061 Quam
458 2004 721 2069 perfectam
746 2014 907 2052 autem
939 2006 1028 2052 Dei
1063 2016 1146 2053 aut
1175 2006 1384 2072 proximi
1417 2006 1727 2053 dilectionem
1760 2005 1808 2051 in
1843 2004 2018 2069 quibus
2047 2004 2200 2068 legem
2231 2014 2427 2051 natura-

272 2084 368 2131 lem
412 2085 671 2133 consistere
707 2084 827 2132 dicis
867 2085 941 2132 lex
979 2086 1083 2151 ipsa
1120 2087 1366 2151 praecipiat
1403 2102 1503 2133 non
1541 2095 1588 2132 te
1635 2102 1746 2132 reor
1775 2086 1788 2113 ⁹
1832 2085 1996 2132 latere.
2039 2087 2210 2148 Legem
2248 2085 2427 2149 quippe

271 2166 458 2229 Moyses
480 2166 530 2212 in
554 2165 820 2212 novissimo
843 2181 1189 2213 consummans
1211 2167 1276 2213 ait
1297 2169 1323 2193 ¹⁰
1354 2185 1365 2213 ε
1401 2186 1425 2211 «
1459 2169 1517 2212 Et
1541 2182 1672 2212 nunc
1695 2165 1857 2224 Israel,
1891 2164 2010 2229 quid
2038 2164 2267 2212 dominus
2298 2167 2426 2211 Deus

273 2255 382 2292 tuus
396 2246 517 2311 petit
534 2261 563 2293 a
585 2255 650 2305 te,
669 2245 762 2292 nisi
784 2255 836 2292 ut
859 2246 1027 2294 timeas
1051 2248 1210 2294 Deum
1232 2256 1389 2306 tuum,
1409 2255 1456 2293 et
1476 2245 1695 2294 ambules
1717 2246 1767 2292 in
1790 2246 1877 2292 viis
1897 2245 2017 2309 ejus,
2037 2255 2084 2293 et
2104 2244 2271 2308 diligas
2293 2261 2421 2304 eum,

272 2336 319 2374 et
345 2327 522 2374 servias
550 2326 765 2373 Domino
796 2329 899 2373 Deo
924 2335 1009 2373 tuo
1033 2327 1083 2373 in
1107 2336 1211 2374 toto
1235 2326 1384 2375 corde
1407 2337 1491 2374 tuo
1516 2337 1564 2374 et
1587 2327 1636 2374 in
1664 2335 1764 2374 tota
1784 2326 1946 2373 anima
1966 2336 2065 2386 tua,
2092 2324 2427 2388 custodiasque

272 2407 503 2456 mandata
524 2407 720 2455 Domini
742 2417 789 2454 et
810 2408 1099 2455 cerimonias
1118 2407 1221 2471 ejus
1239 2424 1358 2473 quas
1374 2425 1463 2471 ego
1481 2407 1630 2455 hodie
1649 2407 1894 2473 praecipio,
1913 2415 1966 2453 ut
1982 2405 2107 2453 bene
2131 2406 2190 2453 sit
2216 2404 2333 2452 tibi?
2356 2407 2425 2451 En

271 2489 469 2535 Domini
494 2488 583 2536 Dei
609 2488 679 2535 tui
701 2488 877 2535 coelum
893 2525 905 2549 ,
933 2497 980 2535 et
1000 2487 1178 2536 coelum
1201 2488 1308 2536 coeli
1329 2526 1341 2550 ,
1377 2498 1502 2536 terra
1525 2497 1572 2535 et
1595 2488 1760 2535 omnia
1784 2503 1889 2551 quae
1918 2487 1975 2533 in·
1992 2487 2058 2534 eis
2081 2496 2216 2545 sunt,
2245 2495 2290 2532 et
2314 2501 2426 2531 cum

271 2568 489 2634 patribus
517 2570 611 2617 tuis
641 2569 1000 2633 conglutinatus
1029 2579 1099 2617 est
1127 2570 1364 2616 Dominus
1395 2579 1443 2617 et
1473 2569 1653 2617 amavit
1683 2585 1766 2615 eos
1797 2567 2035 2631 elegitque
2064 2582 2229 2616 semen
2256 2582 2426 2612 eorum

272 2658 382 2712 post
398 2665 499 2707 eos,
522 2649 574 2697 id
591 2659 661 2697 est
675 2666 763 2697 vos
783 2649 844 2698 de
865 2651 1048 2698 cunctis
1069 2649 1279 2715 populis,
1304 2650 1427 2696 sicut
1445 2648 1594 2696 hodie
1616 2647 1980 2713 comprobatur.
2008 2667 2027 2688 υ
2050 2650 2292 2695 lntantum
2309 2662 2425 2693 vero

272 2728 582 2777 dilectionem
618 2730 733 2789 Dei,
774 2739 829 2776 ut
859 2730 1072 2795 persecta
1105 2732 1190 2790 sit,
1217 2729 1469 2793 diligenter
1496 2729 1571 2777 lex
1604 2728 1829 2794 exprimit
1870 2737 2014 2791 atque
2045 2725 2336 2791 amplificat3
2374 2736 2427 2773 ut

272 2811 430 2856 Deum
454 2809 755 2874 diligendum
787 2826 846 2857 ex
868 2819 972 2856 toto
1002 2809 1150 2857 corde
1183 2819 1230 2856 et
1262 2826 1319 2856 ex
1341 2819 1441 2857 tota
1472 2810 1634 2856 anima
1667 2819 1715 2856 et
1737 2825 1794 2857 ex
1822 2817 1923 2855 tota
1958 2806 2238 2854 fortitudine
2261 2815 2427 2859 nostra

270 2890 531 2956 praecipiat,
570 2891 850 2938 Proximum
882 2906 998 2937 vero
1033 2899 1263 2953 tanquam
1302 2907 1392 2938 nos
1429 2889 1624 2955 diligere
1651 2889 1901 2954 jubemur,
1938 2898 1992 2935 ut
2020 2886 2243 2935 videlicet
2289 2903 2427 2934 amor

271 2971 359 3018 Dei
393 2988 538 3036 supra
568 2987 660 3018 nos
692 2971 838 3019 etiam
871 2980 1093 3018 extensus
1122 2970 1251 3019 nulla
1285 2987 1510 3018 mensura
1539 2969 1896 3017 concludatur?
1928 2971 2068 3033 Ipsos
2104 2983 2307 3032 quoque
2340 2966 2427 3013 ad·

273 3067 417 3100 venas
449 3052 580 3117 apud
616 3068 706 3099 nos
743 3061 1104 3099 commorantes
1138 3052 1276 3116 quasi
1315 3060 1506 3098 nosmet
1541 3051 1670 3116 ipsos
1707 3066 1871 3098 amare
1905 3048 2232 3115 praecipimur,
2269 3048 2428 3102 intan-

315 3206 463 3248 ¹Levit.,
484 3215 556 3246 cap.
578 3216 651 3248 xix,
674 3215 703 3239 v.
721 3209 753 3240 2.
777 3224 818 3230 -
844 3208 856 3227 ²
875 3207 982 3248 1bid.‚
1011 3215 1083 3247 cap.
1101 3214 1164 3246 xx,
1188 3215 1217 3239 v.
1243 3209 1259 3239 Ἰ
1282 3211 1316 3239 et
1388 3215 1513 3247 cap.v,
1532 3215 1562 3237 v.
1585 3204 1826 3246 29.-⁷Ibid.‚
1852 3213 1926 3245 cap.
1947 3212 1999 3245 vt,
2019 3212 2050 3235 v.
2074 3204 2133 3244 24,
2154 3204 2206 3236 ⁸25.
2234 3219 2270 3225 —
2295 3200 2423 3240 sIbid.,

273 3267 345 3299 cap.
364 3269 451 3302 xxu,
473 3270 503 3293 v.
519 3263 572 3295 31.
602 3280 638 3285 -
657 3262 668 3282 ³
684 3261 792 3303 lbid„
814 3270 886 3302 cap.
905 3270 968 3302 xx,
988 3271 1018 3293 v.
1043 3262 1095 3295 26.
1112 3278 1154 3287 —
1176 3262 1185 3281 ⁴
1203 3260 1311 3302 Ibid„
1390 3271 1463 3303 cap.
1476 3270 1534 3303 vn,
1555 3270 1587 3293 v.
1604 3263 1635 3303 6,
1654 3263 1686 3294 9.
1703 3278 1741 3283 —
1758 3261 1771 3280 ⁹
1784 3259 1838 3293 Sic
1854 3260 1978 3300 optime
1994 3258 2126 3299 conjicit
2150 3255 2347 3289 Rheinwald.
2367 3254 2428 3286 Co-

273 3322 345 3355 cap.
363 3323 412 3358 xi,
429 3326 460 3349 v.
474 3319 526 3351 45.
549 3335 589 3341 ——
608 3318 619 3338 ⁵
634 3316 738 3358 Ibid„
757 3326 831 3358 cap.
849 3326 943 3358 xxvi,
965 3326 995 3349 v.
1016 3319 1065 3351 11.
1078 3336 1116 3343 -
1132 3318 1144 3338 δ
1161 3317 1315 3358 Deuter.,
1392 3317 1454 3349 dex
1471 3324 1542 3348 rem
1557 3323 1617 3356 pro
1632 3323 1720 3348 reor.
1735 3331 1774 3338 -
1787 3315 1808 3335 ¹⁰
1822 3314 1974 3355 Denter„
2002 3321 2076 3353 cap.
2097 3320 2129 3350 x,
2146 3320 2176 3342 v.
2198 3312 2246 3349 12.
