2638 3866
254 195 351 242 754
1059 193 1230 240 PETRI
1264 192 1581 243 ABAELARDI

253 295 537 360 divisionem
587 293 900 341 sufficientem
938 309 1039 339 esse
1075 309 1086 338 :
1140 292 1480 357 praedicatione
1525 293 1731 355 scilicet,
1776 303 1824 341 et
1868 294 2164 343 continentia
2208 311 2386 344 secun-

253 374 372 421 dum
401 384 636 422 naturam.
680 372 1021 419 Praedicatione
1057 372 1279 436 quidem,
1312 373 1508 438 quando
1540 372 1674 420 nulla
1703 389 1778 421 res
1810 374 2050 422 invenitur
2078 392 2182 440 quae
2218 375 2277 422 sit
2311 390 2387 422 res

253 454 391 502 divisi
424 454 540 518 quin
577 453 638 499 sit
671 469 745 499 res
791 452 989 516 alicujus
1028 452 1375 512 dividentium3
1413 453 1547 501 verbi
1587 454 1735 517 gratia
1776 471 1787 500 ε
1829 454 2111 501 animalium
2152 453 2284 502 aliud
2318 463 2389 501 est

251 533 499 593 rationale,
542 532 671 580 aliud
706 533 1010 593 irrationale;
1050 532 1150 580 haec
1187 533 1358 589 divisio
1392 542 1463 580 est
1494 533 1736 589 sufficiens
1771 533 2138 599 praedicatione,
2177 534 2290 598 quia
2327 533 2388 581 de

251 630 557 678 quocumque
577 614 752 679 poterit
775 613 869 661 dici
896 632 907 659 :
939 613 1107 672 «istud-
1122 623 1193 660 est
1217 614 1411 676 animal,
1430 634 1453 659 »
1480 613 1541 662 de
1565 614 1739 662 eodem
1762 614 1923 661 statim
1945 623 2266 679 consequetur
2286 629 2388 669 esse

250 693 326 740 vel
365 693 598 741 rationale
646 693 723 741 vel
758 693 1052 742 irrationale.
1106 694 1415 752 Continentia
1451 694 1719 743 secundum
1765 710 2023 750 numerum
2056 693 2390 750 ‚sufficientem

251 772 443 835 dicunt,
470 774 669 839 quando
691 774 813 822 nihil
838 774 1013 822 dicitur
1036 791 1138 822 esse
1167 774 1306 822 divisi
1334 775 1473 840 quod
1500 775 1561 823 sit
1582 774 1713 823 aliud
1742 768 1948 822 numero
1973 790 2004 822 a
2033 773 2385 835 dividentibus,

249 852 300 900 id
324 863 396 901 est
417 854 534 917 quin
560 855 619 901 sit
640 870 715 902 res
734 854 933 918 alicujus
953 854 1273 903 dividentium
1287 891 1300 913 ,
1326 854 1403 903 vel
1425 855 1489 903 sit
1511 864 1798 903 contentum
1820 855 1872 901 in
1894 853 2002 914 illis,
2029 854 2246 919 quamvis
2268 839 2387 920 prae-

252 933 426 986 dicatio
463 934 660 998 alicujus
693 934 886 982 illorum
919 935 1038 982 illud
1074 952 1173 982 non
1206 935 1486 995 comitetur3
1522 945 1575 982 ut
1603 935 1695 983 tale
1728 935 1790 982 sit
1819 933 2093 999 exemplum
2128 952 2139 980 :
2168 934 2387 988 «domus

252 1014 344 1062 alia
368 1031 479 1079 pars
506 1015 663 1080 paries
681 1052 705 1075 ,s
720 1015 809 1062 alia
834 1025 1030 1077 tectum,
1055 1017 1147 1064 alia
1170 1015 1538 1073 fundamentum
1554 1052 1567 1075 ,
1599 1035 1622 1060 »
1642 1016 1738 1064 hoc
1759 1026 1829 1071 est
1851 1014 2109 1076 sufficiens,
2135 1015 2249 1079 quia
2270 1015 2390 1062 nihil

250 1093 464 1159 invenies
487 1094 620 1158 quod
640 1095 701 1142 sit
720 1111 829 1160 pars
855 1095 1030 1142 domus
1054 1097 1170 1160 quin
1195 1096 1255 1142 sit
1278 1096 1351 1142 vel
1375 1095 1488 1158 hoc,
1503 1096 1580 1143 vel
1601 1095 1783 1160 aliquid
1805 1105 2089 1150 contentum
2111 1095 2202 1142 sub
2227 1095 2386 1159 aliqua

250 1173 467 1237 illorum,
495 1175 617 1222 sicut
639 1174 907 1240 lapillulum
931 1175 1006 1223 vel
1031 1192 1257 1223 asserem.
1285 1175 1593 1223 Praedicatam
1613 1192 1728 1223 vero
1761 1175 2056 1230 divisionem,
2073 1174 2388 1242 sufficientem

250 1254 416 1302 dicunt
440 1255 583 1319 hujus
606 1255 756 1303 modi.
783 1255 1015 1303 Accidens
1041 1266 1201 1313 tamen
1231 1255 1301 1302 ibi
1324 1256 1453 1320 large
1479 1256 1712 1321 accipitur
1733 1272 1822 1321 pro
1856 1255 2027 1310 forma.
2053 1255 2199 1313 Quod
2228 1265 2389 1303 autem

250 1336 514 1400 opponitur
545 1335 606 1382 de
641 1335 959 1384 rationalitate
991 1335 1111 1383 nihil
1156 1336 1458 1398 vbalet,lcum
1493 1336 1787 1384 concedatur
1817 1351 1925 1390 esser
1951 1335 2198 1396 accidens,
2237 1336 2288 1383 id
2318 1345 2391 1383 est

251 1415 419 1463 forma.
447 1416 687 1482 Populum
718 1433 915 1481 quoque
938 1426 986 1463 et
1010 1418 1270 1464 exercitum
1303 1426 1351 1464 et
1375 1434 1567 1481 gregem
1593 1426 1639 1464 et
1664 1417 1868 1464 domum
1889 1431 1992 1464 rem
2026 1432 2172 1463 unam
2201 1415 2385 1474 dicunt,

251 1505 296 1541 et
318 1495 640 1544 substantiam
662 1506 709 1543 et
734 1513 908 1561 corpus
931 1497 1267 1559 inanimatum,
1298 1497 1348 1544 id
1372 1507 1443 1545 est
1463 1514 1565 1544 non
1591 1506 1863 1560 vegetatum
1886 1511 1985 1544 una
2011 1496 2190 1543 anima.

317 1659 388 1703 DE
410 1672 581 1703 Fomvns
609 1655 787 1703 diversi
815 1657 997 1704 diversa
1032 1658 1256 1705 sentiunt.
1285 1657 1494 1716 Quidam
1530 1658 1660 1706 enim
1690 1657 1860 1706 volunt
1887 1673 2055 1705 omnes
2086 1656 2262 1704 formas
2291 1672 2393 1704 esse

251 1737 501 1797 essentias,
530 1736 729 1800 quidam
757 1736 931 1798 nullas,
960 1737 1159 1801 quidam
1188 1738 1422 1802 quasdam
1443 1740 1667 1786 essentias
1691 1755 1793 1786 esse
1820 1737 2131 1797 confirmant3
2158 1735 2395 1801 quasdam

253 1832 370 1863 non.
389 1817 480 1873 Qui
507 1826 667 1863 autem
693 1816 868 1864 formas
892 1817 1222 1865 universaliter
1246 1819 1469 1865 essentias
1493 1835 1592 1875 esse
1616 1819 1801 1880 volunt,
1824 1819 1863 1865 si
1888 1817 2233 1877 rationabiliter
2253 1825 2396 1880 agant

251 1897 572 1961 inquiramus;
608 1907 655 1945 et
688 1898 896 1962 primum
929 1898 1277 1963 inquirendum
1308 1898 1516 1960 videtur,
1542 1900 1581 1946 si
1604 1899 1926 1946 concesserint
1945 1915 2124 1948 .unum,
2147 1897 2394 1963 praedicari

253 1976 313 2023 de
343 1993 657 2041 unoquoque,
693 1978 760 2025 sic
789 1978 923 2042 quod
951 1977 1288 2043 praedicatione
1313 1994 1398 2025 sua
1425 1979 1656 2026 unitatem
1680 1978 1834 2033 inesse
1859 1978 1927 2024 illi
1949 1978 2011 2025 de
2040 1994 2138 2042 quo
2161 1976 2395 2042 praedica-

252 2056 384 2104 bitur
415 2058 602 2104 innuat.
638 2057 782 2117 Quod
814 2058 852 2104 si
876 2058 1200 2105 concesserint
1223 2060 1468 2105 Socratem
1498 2058 1677 2106 habere
1712 2057 1974 2117 unitatem,
2010 2074 2123 2104 cum
2148 2074 2274 2104 unus
2304 2056 2392 2116 sit,

253 2136 521 2196 concedere
551 2136 729 2184 debent
745 2140 756 2162 ¹
780 2147 829 2186 et
852 2138 1087 2184 unitatem
1112 2138 1319 2184 Socratis
1341 2137 1521 2195 habere
1548 2138 1792 2193 unitatem,
1808 2138 2012 2185 formam
2037 2138 2135 2197 sui,
2162 2153 2275 2184 cum
2298 2153 2395 2185 una

253 2218 339 2278 sit,
373 2227 420 2264 et
442 2217 571 2265 illam
608 2217 749 2265 aliam
766 2237 779 2278 ;
809 2229 855 2265 et
878 2219 944 2265 sic
968 2228 1100 2266 tanta
1131 2218 1458 2283 multiplicitas
1489 2218 1570 2266 fiet
1602 2218 1814 2283 quodin
1841 2228 2011 2271 natura
2041 2234 2269 2265 numerus
2292 2233 2392 2264 non

255 2307 489 2357 occurraL
518 2298 566 2344 Si
594 2308 754 2345 autem
782 2298 877 2345 hoc
907 2298 1252 2346 inconveniens
1282 2299 1457 2356 evitare
1478 2299 1722 2358 volentes,
1756 2298 1921 2346 nescio
1955 2314 2101 2362 quam
2125 2298 2393 2362 reciproca·

254 2378 438 2425 tionem
478 2378 631 2425 facere
666 2378 925 2440 voluerint,
964 2378 1163 2425 sortasse
1205 2377 1358 2440 majus
1401 2388 1485 2426 aut
1515 2378 1695 2442 aequale
1731 2379 2076 2430 inconveniens
2117 2378 2391 2434 incurrent,

256 2458 390 2522 quod
412 2457 609 2518 scilicet,
638 2457 804 2519 velint,
833 2458 1007 2519 nolint,
1034 2458 1306 2505 concedent
1327 2458 1457 2506 idem
1480 2458 1738 2516 informare
1761 2459 1966 2518 diversa,
1991 2459 2067 2525 vel
2090 2457 2222 2505 idem
2246 2457 2395 2526 infor-

255 2555 394 2585 mans
431 2549 478 2586 et
508 2539 820 2595 informatum
855 2556 955 2586 esse
998 2538 1060 2586 ab
1096 2539 1287 2594 eodem.
1327 2539 1376 2585 Si
1413 2539 1544 2586 enim
1581 2539 1738 2586 unitas
1771 2539 1980 2586 Socratis
2012 2538 2296 2585 informetur
2335 2536 2397 2584 ab

258 2620 436 2667 unitate
461 2636 566 2684 quae
595 2629 765 2667 mutuo
795 2620 1091 2674 informetur,
1116 2619 1177 2666 ab
1206 2619 1385 2678 unitate
1408 2619 1644 2680 SocratiS‚
1671 2628 1719 2666 et
1751 2618 1880 2666 idem
1903 2619 1994 2666 erit
2024 2618 2286 2665 informans
2319 2616 2398 2684 di-

257 2716 408 2756 versa,
436 2710 483 2747 et
508 2700 773 2748 informans
799 2700 979 2765 aliquid
1004 2710 1050 2759 et
1074 2700 1390 2747 informatum
1415 2699 1476 2748 ab
1500 2699 1693 2747 eodem.
1717 2699 1767 2746 Si
1790 2708 1955 2746 autem
1976 2698 2071 2746 hoc
2092 2714 2189 2745 non
2214 2697 2392 2759 dicant,

258 2779 343 2826 sed
369 2781 557 2828 tertiam
579 2780 827 2828 informari
858 2797 884 2828 a
906 2781 1064 2846 prima
1099 2780 1174 2828 vel
1210 2779 1475 2844 quamlibet
1504 2779 1899 2843 subsequentium
1924 2794 1952 2826 a
1976 2777 2188 2842 qualibet
2219 2793 2394 2842 praece·

259 2859 494 2922 dentium,
532 2872 724 2908 necesse
748 2871 819 2909 est
846 2878 1036 2926 semper
1064 2860 1249 2908 diversa
1278 2861 1340 2919 ab
1364 2860 1539 2917 eodem
1571 2860 1837 2908 informari.
1875 2862 2052 2906 Rursus
2091 2875 2203 2906 cum
2228 2874 2397 2906 omnes

259 2939 424 2986 formae
470 2942 681 2988 essentiae
724 2942 849 3003 sint,
887 2951 934 2988 et
973 2940 1357 3005 unumquodque
1395 2941 1627 2988 unitatem
1658 2939 1835 2987 habeat
1869 2950 1917 2986 et
1950 2938 2309 2986 similitudinem
2345 2938 2394 2984 in

261 3017 439 3082 aliquo,
462 3020 686 3082 videntur
707 3021 1053 3068 rationabiliter
1087 3021 1292 3068 unitates
1328 3021 1489 3086 plures
1511 3036 1613 3068 esse
1646 3018 2059 3080 similitudinibus,
2099 3028 2146 3065 et
2179 3017 2395 3065 similitu-

261 3097 397 3146 dines
420 3099 704 3160 unitatibus,
735 3110 781 3148 et
813 3101 1017 3148 unitates
1051 3102 1193 3148 etiam
1228 3100 1516 3164 unitatibus,
1547 3109 1594 3149 et
1615 3098 1948 3147 similitudines
1986 3096 2390 3145 similitudinibus.

308 3282 338 3314 1.
362 3282 443 3316 cod.
465 3284 637 3317 concedere
651 3283 766 3317 debent
782 3294 856 3317 cum
873 3293 962 3317 unus
975 3285 1032 3317 sit.
