2638 3866
879 241 934 289 ΙΝ
970 237 1296 287 EPISTOLAM
1332 241 1411 288 AD
1447 241 1751 291 ROMANOS.
2288 243 2382 288 343

252 346 296 393 ei
320 345 381 393 de
406 359 494 392 suo
514 343 695 390 semine
718 341 966 407 posteritas
988 357 1074 406 per
1097 356 1243 405 quam
1267 350 1555 389 restauretur
1580 341 1773 390 uberius
1796 342 1843 388 in
1870 342 2004 406 prole
2027 341 2157 406 quod
2183 341 2384 406 deperiit

251 426 299 472 in
325 423 514 484 arbore,
541 423 653 487 quia
676 421 836 489 plures
861 418 1024 468 fideles
1047 419 1262 467 orientur
1280 436 1425 484 quam
1442 431 1581 469 antea
1597 421 1656 469 de
1670 424 1795 468 Jesse
1818 422 2084 469 extiterant.
2113 441 2136 466 «
2154 425 2213 468 Et
2233 422 2331 485 qui.
2358 442 2380 463 »

253 508 317 552 Ac
351 505 391 551 si
417 503 596 551 diceret
625 520 637 550 t
666 504 723 548 Et
746 500 823 548 ille
853 500 942 547 erit
966 500 1053 547 ista
1075 499 1226 560 radix,
1257 501 1374 563 «qui
1403 511 1633 571 exurget»
1660 502 2031 550 conscendendo
2056 502 2381 561 vehementer,

249 585 409 632 donec
454 584 556 648 ejus
606 598 779 647 corpus
815 579 951 645 quod
985 590 1056 628 est
1103 580 1313 627 Ecclesia
1346 580 1525 645 ubique
1571 581 1810 639 dilatetur,
1858 583 1991 645 cujus
2032 583 2250 647 regimini
2282 584 2384 647 ipse

251 681 440 730 semper
465 674 693 728 tanquam
716 671 859 727 caput
884 661 1087 726 praeerit,
1114 660 1237 708 sicut
1258 670 1304 708 et
1326 662 1561 727 promittit
1583 662 1748 710 dicens
1766 665 1795 723 ¹,
1830 682 1852 707 «
1873 666 1992 710 Ecce
2017 659 2105 727 eg’o
2132 663 2380 710 vobiscum

251 760 357 809 sum
375 742 601 791 omnibus
619 740 788 789 diebus
810 757 958 805 usque
984 740 1045 788 ad
1062 742 1529 789 consummationem
1555 742 1718 790 seculi.
1736 763 1757 785 »
1782 745 1852 789 De
1872 759 1969 806 quo
1993 743 2133 789 etiam
2154 743 2381 806 regimine

252 824 382 872 idem
407 823 645 889 Propheta
669 821 783 870 alibi
806 820 924 868 dicit
935 823 965 880 ³,
993 824 1093 867 «Et
1122 837 1242 886 puer
1263 822 1491 887 parvulus
1514 821 1716 869 minabit
1739 838 1880 869 eos.»
1915 841 1938 866 «
1957 825 2008 869 In
2033 839 2161 884 eum,
2187 843 2206 864 n
2233 823 2281 870 id
2318 833 2386 870 est

252 904 312 951 de
330 904 478 968 gratia
500 904 619 968 ejus,
642 918 740 949 non
763 900 824 949 de
839 900 940 969 lege
951 899 1026 948 vel
1049 901 1145 948 suis
1169 900 1349 949 viribus
1367 902 1630 949 confident.
1653 905 1758 950 Hoc
1781 912 1852 949 est
1877 902 2027 963 radix,
2055 903 2115 950 de
2138 919 2234 968 qua
2255 903 2382 950 idem

256 985 401 1032 etiam
428 983 643 1049 quodam
663 981 773 1030 loco
797 981 914 1028 dicit
944 980 1186 1045 Propheta
1197 983 1228 1041 ⁸,
1262 1001 1283 1025 «
1308 982 1455 1029 Radix
1479 985 1605 1030 Jesse
1629 999 1736 1047 quae
1766 992 1856 1030 stat
1891 983 1939 1029 in
1963 983 2150 1046 signum
2177 982 2383 1048 populo-

250 1082 375 1125 rum,
404 1066 562 1130 ipsum
581 1072 743 1128 gentes
768 1061 1177 1128 deprecabuntur,
1204 1072 1251 1110 et
1274 1063 1363 1109 erit
1386 1063 1695 1128 sepulchrum
1724 1063 1826 1127 ejus
1849 1063 2127 1127 gloriosum,
2154 1083 2176 1107 »
2205 1063 2265 1110 de
2288 1080 2384 1127 quo

249 1145 428 1192 scilicet
461 1143 715 1210 sepulchro
751 1140 885 1190 radix
917 1141 996 1189 illa
1033 1158 1269 1206 exurgens
1300 1143 1349 1189 in
1389 1159 1613 1208 magnam
1648 1144 1797 1190 crevit
1830 1160 2077 1191 ramorum
2116 1144 2380 1193 fructicem.

254 1246 274 1280 ss
297 1228 425 1272 Deus
445 1234 620 1272 autem.
639 1243 661 1267 n
688 1222 814 1284 Dixi,
844 1222 1111 1270 «laetamini
1133 1232 1312 1286 gentes,
1330 1244 1352 1267 »
1379 1232 1425 1270 et
1453 1243 1475 1266 α
1491 1225 1540 1271 in
1562 1239 1674 1270 eum
1698 1233 1859 1287 gentes
1879 1224 2158 1288 sperabunt,
2182 1244 2203 1268 υ
2230 1233 2276 1271 et
2294 1222 2387 1270 hoc

250 1305 297 1351 in
310 1305 446 1352 vobis
456 1302 1070 1370 Romanisipseimpleatur.
1087 1305 1142 1349 Et
1153 1302 1250 1350 1100
1266 1312 1337 1350 est
1356 1322 1379 1348 «
1392 1306 1520 1350 Deus
1530 1304 1647 1369 spei,
1666 1324 1688 1347 >2
1709 1303 1769 1350 de
1780 1303 1915 1367 cujus
1929 1304 2077 1367 gratia
2098 1303 2386 1368 sperandum

249 1395 320 1432 est
341 1385 592 1447 omnibus;
621 1385 710 1433 soli
734 1384 873 1432 electi
895 1399 1042 1430 omne
1061 1382 1290 1447 gaudium
1312 1382 1490 1430 habere
1508 1393 1709 1448 possunt
1729 1393 1828 1430 tam
1848 1384 1895 1430 in
1922 1383 2012 1431 hac
2031 1383 2208 1431 scilicet
2226 1385 2320 1431 vita
2339 1385 2385 1431 in

250 1481 333 1530 spe
353 1482 500 1530 quam
521 1464 598 1513 vel
612 1465 661 1512 in
679 1464 759 1511 illa
777 1465 824 1511 in
846 1480 914 1511 re.
955 1483 976 1506 c<
1000 1467 1056 1510 Et
1074 1479 1210 1529 pace,
1229 1483 1250 1505 »
1271 1462 1568 1510 removendo
1589 1463 1765 1511 scilicet
1783 1479 1810 1511 a
1827 1463 1967 1511 vobis
1986 1464 2241 1529 superbam
2259 1464 2384 1511 illam

248 1546 629 1606 contentionem,
656 1561 746 1610 pro
762 1561 856 1609 qua
872 1542 1083 1591 sedanda
1101 1542 1204 1590 haec
1222 1543 1393 1609 scripta
1414 1553 1483 1590 est
1498 1542 1722 1608 Epistola.
1748 1564 1769 1588 «
1792 1547 1844 1590 In
1861 1543 2103 1591 credendo
2125 1554 2193 1591 ut.
2216 1565 2237 1588 n
2264 1548 2328 1591 Ac
2350 1546 2388 1590 si

250 1625 427 1673 diceret
444 1643 453 1671 ε
470 1629 531 1672 Ut
543 1643 599 1672 ex
615 1623 727 1684 fide,
746 1642 832 1690 per
844 1639 991 1688 quam
1008 1622 1238 1684 creditur,
1253 1633 1298 1671 et
1313 1639 1418 1687 quae
1429 1623 1650 1670 omnium
1666 1623 1908 1671 bonorum
1917 1635 1987 1672 est
2001 1623 2383 1685 fundamentum,

250 1704 508 1769 proficiatis
521 1706 570 1752 in
585 1721 668 1770 spe
685 1714 732 1752 et
742 1704 955 1765 caritate,
979 1719 1085 1767 quae
1099 1702 1380 1750 naturaliter
1401 1703 1515 1750 inde
1527 1713 1812 1766 sequuntur.
1833 1704 2067 1752 Virtutem
2091 1705 2270 1770 quippe
2292 1705 2388 1768 Spi-

249 1787 364 1832 ritus
378 1785 525 1832 sancti
551 1800 768 1832 amorem
791 1786 880 1831 Dei
900 1785 950 1830 in
972 1782 1115 1830 nobis
1134 1782 1248 1830 dicit
1268 1783 1352 1847 qui
1374 1792 1541 1831 contra
1564 1784 1726 1831 omnia
1751 1783 1884 1831 sortis
1908 1794 1994 1846 est,
2016 1785 2138 1831 sicut
2160 1785 2389 1850 scriptum

249 1866 355 1924 estt,
375 1884 397 1910 «
412 1864 582 1912 Valida
595 1874 664 1912 est
673 1865 798 1912 sicut
812 1881 941 1912 mors
955 1862 1164 1911 dilectio.
1188 1883 1211 1906 »
1229 1866 1288 1910 Et
1297 1864 1488 1922 iterum,
1521 1883 1543 1906 c<
1559 1860 1734 1910 Omnia
1750 1864 1930 1926 suffert,
1958 1865 2122 1912 omnia
2138 1865 2387 1912 sustinet.»

252 1947 456 1992 «Certus
481 1961 604 1992 sum.
629 1964 652 1990 n
685 1947 818 2003 Quos
841 1943 1086 2009 culpando
1121 1943 1204 1990 diu
1228 1953 1483 2001 terruerat,
1526 1943 1770 1991 laudando
1815 1961 1876 1992 ne
1914 1944 2171 2010 desperent
2207 1945 2256 1992 in
2298 1945 2389 1991 fine

250 2026 455 2090 mitigat,
486 2024 697 2072 dicendo
730 2024 908 2072 scilicet
938 2025 1082 2072 etiam
1118 2023 1247 2088 apud
1270 2040 1353 2072 eos
1376 2040 1477 2072 esse
1500 2024 1584 2087 qui
1607 2034 1654 2071 et
1682 2024 1938 2072 dilectione
1969 2035 2017 2071 et
2038 2025 2235 2072 scientia
2256 2025 2394 2090 pleni-

249 2115 376 2166 sunt,
402 2116 456 2152 ut
485 2105 665 2152 scilicet
687 2105 806 2152 alios
828 2106 1061 2152 instruere
1089 2104 1237 2151 velint
1266 2113 1314 2151 et
1340 2104 1540 2169 possint.
1578 2106 1633 2150 Et
1658 2104 1753 2151 hoc
1788 2114 1875 2165 est,
1915 2124 1938 2148 «
1955 2114 2111 2152 certus
2140 2122 2263 2166 sum,
2279 2125 2301 2148 »
2329 2121 2384 2151 ac

249 2186 287 2233 si
315 2185 491 2234 diceret
518 2204 528 2232 ε
561 2191 624 2233 Αο
647 2186 686 2233 si
707 2187 771 2233 ita
797 2187 1036 2249 corrigam
1053 2185 1130 2231 vel
1149 2201 1392 2246 moneam,
1423 2206 1445 2228 c<
1468 2194 1512 2232 et
1533 2185 1638 2249 ipsi,
1662 2203 1684 2229 »
1712 2184 1763 2231 id
1786 2195 1853 2232 est
1878 2186 1999 2232 sicut
2023 2186 2071 2241 in
2098 2185 2387 2249 quibusdam

249 2267 466 2330 personis
490 2265 617 2331 pleni
642 2266 752 2313 estis
777 2264 987 2331 superba
1009 2266 1322 2312 contentione
1343 2264 1420 2312 vel
1443 2264 1728 2327 ignorantia,
1757 2265 1820 2312 ita
1844 2275 1891 2312 et
1911 2266 2001 2331 ipsi
2023 2267 2071 2312 in
2096 2265 2385 2330 quibusdam

250 2345 398 2409 pleni,
435 2354 527 2393 etc.
566 2364 587 2389 «
611 2346 759 2392 Omni
775 2345 980 2395 scientia
998 2345 1062 2391 ita
1086 2354 1164 2406 ut,
1179 2363 1203 2388 »
1224 2344 1276 2391 id
1288 2353 1359 2392 est
1377 2343 1439 2391 ad
1458 2343 1555 2391 hoc
1578 2343 1894 2392 sufficientem
1916 2344 2103 2392 habetis
2122 2345 2387 2401 scientiam,

250 2436 301 2472 ut
332 2426 522 2490 possitis
555 2426 765 2473 invicem
804 2442 890 2473 vos
925 2425 1173 2473 adhortari
1207 2425 1268 2472 ad
1300 2425 1425 2472 bene
1458 2425 1778 2490 operandum.
1820 2446 1842 2468 «
1865 2425 2102 2472 Audacius
2134 2435 2294 2473 autem
2333 2441 2384 2470 ex

249 2515 401 2569 parte,
429 2525 451 2559 ι)
477 2506 528 2552 id
557 2515 628 2552 est
649 2505 1004 2571 aliquantulum
1028 2506 1199 2570 majori
1223 2503 1399 2553 fiducia
1425 2506 1590 2570 scripsi
1616 2505 1770 2564 vobiS‚
1799 2506 1883 2569 qui
1908 2506 1955 2552 in
1981 2505 2090 2552 loco
2115 2505 2230 2551 mihi
2254 2521 2388 2552 com-

250 2587 395 2633 misso
429 2587 557 2643 estis,
593 2587 677 2650 qui
709 2586 886 2634 scilicet
910 2587 1083 2634 doctor
1116 2586 1382 2652 specialiter
1409 2603 1518 2634 sum
1553 2596 1650 2633 tam
1666 2587 1893 2633 Gentium
1919 2602 2064 2649 quam
2096 2585 2384 2632 Judaeorum.

253 2669 308 2712 Et
326 2666 422 2714 hoc
443 2676 514 2714 est
535 2666 670 2731 quod
693 2667 910 2733 exponit,
936 2667 1116 2724 dicens,
1146 2676 1201 2713 ut
1218 2676 1331 2731 pote
1351 2667 1581 2724 sollicitus
1604 2666 1664 2712 de
1683 2666 1839 2725 vobis,
1866 2686 1888 2709 «
1907 2675 2103 2730 propter
2126 2665 2341 2727 gratiam,
2360 2685 2381 2706 ›>

250 2746 299 2792 id
322 2756 389 2793 est
416 2745 626 2793 officium
650 2748 955 2811 Apostolatus
978 2746 1267 2812 praedicandi
1286 2745 1521 2792 Gentibus
1535 2745 1652 2792 mihi
1671 2745 1957 2808 injunctum,
1987 2745 2047 2791 de
2071 2761 2164 2808 qua
2187 2743 2392 2809 quidem-

251 2826 399 2888 gratia
434 2827 636 2890 ipsemet
668 2827 732 2873 ait
747 2829 777 2885 ¹⁵,
814 2846 836 2871 «
866 2827 1023 2873 Gratis
1058 2825 1331 2889 accepistis,
1365 2825 1507 2888 gratis
1542 2824 1668 2871 date.
1701 2844 1722 2865 »
1766 2824 1978 2871 Minister
2012 2824 2186 2871 Christi
2218 2824 2391 2889 praedi-v

250 2915 382 2952 cator
413 2917 500 2965 est,
533 2905 651 2952 dum
680 2922 780 2952 non
817 2922 899 2952 sua
929 2906 1080 2963 lucra,
1109 2905 1193 2951 sed
1224 2903 1397 2951 Christi
1431 2904 1615 2968 quaerit,
1647 2913 1694 2950 et
1721 2904 1832 2968 quia
1863 2904 2085 2952 nonnulli
2121 2904 2246 2952 bene
2269 2921 2393 2970 prae--

252 2984 463 3032 dicantes
497 2985 620 3032 male
649 2985 834 3047 vivunt,
861 2984 1011 3046 addit,
1042 2983 1378 3032 «sanctificans
1395 3019 1408 3041 ‚
1433 3003 1456 3028 n
1482 2983 1532 3031 id
1562 2993 1632 3031 est
1661 2984 1758 3031 vita
1788 3001 1984 3049 quoque
2007 3002 2115 3033 mea
2138 3001 2384 3032 commen-

252 3065 371 3112 dans
410 3065 798 3131 praedicationem
831 3082 977 3130 quam
1014 3064 1075 3113 de
1102 3067 1205 3112 Deo
1240 3064 1379 3127 facio,
1406 3074 1459 3112 ut
1492 3063 1691 3122 oblatio,
1728 3064 1777 3111 id
1812 3075 1881 3112 est
1915 3067 2070 3113 oratio
2105 3066 2247 3112 etiam
2281 3080 2385 3112 mea

249 3162 396 3208 quam
419 3162 508 3210 pro
524 3145 638 3211 ipsis
659 3145 796 3206 facio,
827 3166 849 3190 «
869 3144 951 3193 fiat
974 3154 1167 3210 accepta
1180 3142 1306 3207 Deo,
1326 3165 1347 3188 »
1374 3144 1423 3193 id
1448 3154 1517 3192 est
1544 3143 1873 3192 «sanctificata
1896 3145 1944 3192 in
1967 3145 2143 3210 Spiritu
2166 3154 2381 3203 sanct0‚»

294 3327 439 3370 *Maium
453 3338 524 3371 cap.
539 3339 692 3372 xxv111,v.
705 3333 758 3365 20.
775 3331 1049 3373 -21mi.,cap.xi
1062 3340 1111 3373 ,v.
1123 3332 1225 3365 6.—³
1239 3330 1510 3369 [bid.‚V.1o.—⁴
1521 3329 1633 3370 Cant..
1644 3336 1716 3370 cap.
1731 3332 1882 3370 vm,v-.6.
1895 3347 1934 3354 —
1950 3326 2101 3364 mauu..
2115 3332 2186 3364 cap.
2202 3335 2241 3365 x,
2260 3334 2289 3355 v·
2309 3324 2352 3351 8«-
