2638 3866
309 199 371 244 46
1108 193 1277 240 PETRI
1313 193 1623 242 ABAELARDI

307 296 486 360 quippe
509 293 570 341 ab
591 293 849 341 animando
867 292 994 343 dicta
1023 302 1092 339 est
1106 303 1230 352 ,nec
1251 293 1384 340 aliud·
1403 295 1596 358 proprie
1617 293 1826 342 animari.
1841 294 2037 357 dicitur,
2056 297 2147 343 nisi
2160 297 2225 345 rid
2253 299 2303 346 in
2330 315 2428 363 quo

308 384 408 422 tota
433 374 498 422 vis
526 373 831 437 vegetationis
865 373 928 420 ita
951 382 1337 434 consummatur,
1370 383 1423 420 ut
1444 374 1510 421 nil
1532 375 1729 438 corpori
1758 374 1829 421 illi
1844 384 2063 438 vegetato
2088 375 2427 426 adhaeret-cex-

309 455 537 501 trinsecus
570 469 761 500 necesse
794 453 852 499 sit
875 452 935 499 ad
959 453 1306 515 vegetationem
1329 469 1474 517 quam
1504 453 1649 510 habet
1678 454 1725 501 in
1749 454 1854 518 ipso
1884 455 2288 503 conservandam„
2307 459 2427 523 Cum

307 535 464 597 itaque
479 532 704 594 mundus,
719 533 851 596 juxta
865 531 1194 596 philosophos,
1215 533 1437 581 universa
1453 533 1724 595 concludat,
1747 544 1797 580 ut
1809 534 1877 581 nil
1890 544 2020 581 extra
2032 535 2191 600 ipsum
2204 536 2430 585 divinitus

307 611 661 676 disponendum
693 613 1015 676 relinquatur,
1056 622 1183 659 recte
1221 612 1381 659 anima
1416 613 1585 659 mundi
1621 613 1742 660 sicut
1780 623 1826 660 et
1859 615 2020 661 anima
2060 614 2267 662 hominis
2302 616 2430 665 dicta

305 701 399 751 est,
435 708 545 737 cum
570 692 785 738 universa
807 692 877 738 vis
899 691 1068 738 animae
1091 691 1140 737 in
1169 707 1227 737 eo
1257 701 1615 739 consummetur
1642 707 1654 738 ε
1677 691 1798 739 adeo
1827 702 1878 738 ut
1899 708 1990 739 nec
2013 693 2170 757 ipsum
2192 694 2426 742 mundum

306 771 471 817 oculos
491 771 566 817 vel
589 780 756 818 caetera
778 787 1004 817 sensuum
1026 771 1340 817 instrumenta
1370 770 1550 818 habere
1573 771 1811 835 oportuit,
1847 772 1967 818 sicut
1994 782 2040 819 et
2074 773 2174 837 ipse
2208 773 2428 838 perhibet

305 851 462 911 Plato,
500 867 611 906 cum
636 850 774 902 nulla
791 859 920 896 extra
952 850 1108 914 ipsum
1132 861 1431 908 remaneant,
1462 850 1523 898 ad
1549 867 1653 914 quae
1677 851 1764 897 ista
1787 850 1993 914 aliquam
2021 854 2428 916 opportunitatem

303 930 526 976 habeant

319 1063 321 1065 ,
368 1011 449 1056 His
462 1026 517 1056 ex
535 1008 728 1056 Platone
738 991 943 1056 breviter
956 1008 1181 1070 collectiS‚
1200 1018 1342 1072 atque
1360 1010 1421 1056 ad
1438 1018 1609 1056 nostrae
1627 1009 1739 1057 fidei
1752 1010 2079 1058 testimonium
2094 1010 2223 1068 satis,
2240 1020 2294 1058 ut
2308 1011 2431 1060 arbi—

304 1101 425 1148 tror,
447 1089 694 1153 diligenter
711 1089 957 1152 expositis,
976 1105 1274 1153 consequens
1294 1089 1511 1136 existimo
1535 1076 1597 1135 ad
1620 1106 1844 1154 sequaces
1867 1090 1967 1154 ejus
1986 1106 2276 1151 commeare,
2298 1100 2352 1137 ut
2374 1104 2429 1139 ea

303 1187 405 1233 quae
428 1168 488 1215 ab
510 1169 622 1233 ipsis
653 1184 846 1232 quoque
874 1167 934 1215 de
967 1165 1127 1215 anima
1163 1168 1330 1215 mundi
1364 1177 1475 1215 sunt
1510 1166 1635 1216 dicta
1653 1206 1665 1229 ,
1707 1169 1839 1216 nulla
1869 1170 2055 1216 ratione
2086 1170 2430 1232 convenienter

302 1249 452 1312 accipi
474 1263 613 1311 posse
633 1257 975 1314 monstremus,
1003 1247 1093 1294 nisi
1117 1247 1309 1311 Spiritui
1333 1257 1498 1295 sancto
1515 1251 1526 1273 ¹
1552 1265 1636 1312 per
1660 1248 2030 1313 pulcherrimam
2052 1248 2291 1296 involucri
2309 1247 2429 1314 figu-

305 1343 406 1374 ram
431 1326 743 1389 assignentur.
765 1329 867 1372 Hoc
898 1327 1078 1389 quippe
1110 1325 1342 1389 loquendi
1371 1343 1519 1389 genus
1551 1321 1852 1393 philosophis
1885 1343 2079 1392 quoque
2100 1328 2222 1374 sicut
2244 1330 2429 1376 etPro-

300 1406 453 1470 phetis
477 1395 889 1457 familiarissimum
925 1414 1011 1462 est,
1046 1413 1096 1450 ut
1128 1404 1346 1451 videlicet
1370 1405 1432 1451 ad
1456 1421 1629 1453 arcana
1651 1406 1966 1470 philosophiae
1987 1422 2100 1453 cum
2122 1405 2338 1468 veniunt,
2361 1407 2427 1454 nil

299 1484 569 1547 vulgaribus
604 1482 761 1529 verbis
792 1483 1015 1543 efferant,
1043 1482 1126 1529 sed
1163 1483 1603 1548 comparationibus
1639 1484 2004 1547 similitudinum
2027 1485 2257 1533 lectorem
2280 1487 2428 1550 magis

299 1564 520 1610 alliciant.
543 1566 658 1620 Quae
678 1563 805 1609 enim
831 1562 965 1626 quasi
990 1561 1204 1610 fabulosa
1229 1572 1369 1611 antea
1390 1562 1694 1623 videbantur,
1715 1573 1761 1611 et
1783 1564 1844 1611 ab
1861 1565 1993 1611 omni
2009 1565 2207 1612 utilitate
2223 1568 2423 1624 remota,

299 1641 725 1701 secundumliterae
742 1641 1039 1707 superficiem
1069 1642 1273 1705 gratiora
1295 1651 1427 1704 sunt,
1454 1659 1566 1706 cum
1591 1644 1772 1706 magnis
1791 1644 1935 1710 plena
1963 1644 2197 1708 mysteriis
2218 1645 2428 1709 postffibss

299 1722 415 1768 dum
440 1731 642 1786 reperta,
668 1737 890 1784 magnam
915 1721 964 1767 in
996 1737 1046 1768 se
1076 1720 1305 1768 doctrinae
1333 1721 1585 1769 continent
1613 1721 1995 1770 aedificationem.
2037 1722 2114 1770 Ob
2146 1722 2241 1771 hoc
2277 1724 2423 1785 enim,

300 1810 414 1847 teste
439 1801 720 1864 Augustino,
748 1810 971 1864 teguntur
992 1817 1053 1847 ne
1084 1800 1330 1860 vilescant,
1359 1801 1438 1864 qui
1463 1801 1676 1848 secundo
1703 1801 1899 1866 quidem
1928 1800 2075 1848 Libro
2106 1801 2163 1848 de
2198 1805 2426 1850 Doctrina

298 1880 573 1940 christiana,
591 1897 702 1926 cum
723 1897 885 1927 causas
905 1879 1194 1928 difficultatis
1219 1897 1360 1928 sacrae
1383 1881 1636 1945 Scripturae
1649 1869 1872 1946 aperiret,
1889 1880 2004 1928 ait²z
2023 1901 2045 1925 <a
2061 1881 2277 1929 Obscure
2298 1898 2426 1946 quae-

299 1959 410 2005 dam
429 1958 554 2006 dicta
577 1960 903 2007 densissimam
922 1960 1172 2024 caliginem
1196 1959 1463 2021 obducunt,
1490 1959 1623 2024 quod
1646 1969 1800 2008 totum
1818 1960 2066 2025 provisum
2085 1977 2186 2008 esse
2201 1960 2427 2008 divinitus

296 2055 392 2084 non
416 2038 604 2097 dubito,
633 2039 694 2086 ad
719 2038 1039 2086 edomandam
1062 2038 1225 2086 labore
1246 2038 1537 2104 superbiam,
1563 2048 1611 2086 et
1626 2038 1921 2086 intellectum
1940 2056 1969 2086 a
1984 2039 2172 2087 fastidio
2195 2046 2426 2088 revocan-

297 2117 430 2178 dum,
441 2118 944 2183 cuifacileinvestigata
959 2119 1239 2183 plerumque
1252 2118 1502 2166 vilescunt.
1513 2139 1536 2163 »
1553 2122 1695 2166 Item.
1717 2116 2049 2185 «Quiprorsus
2061 2107 2425 2167 norrinveniunt

295 2197 428 2260 quod
451 2205 666 2260 quaerunt
685 2197 807 2245 same
824 2190 1071 2244 laborant:
1099 2199 1181 2262 qui
1204 2208 1361 2245 autem
1386 2215 1485 2245 non
1509 2208 1750 2263 quaerunt,
1775 2198 1887 2262 quia
1908 2198 1958 2244 in
1977 2207 2207 2263 promptu
2225 2197 2422 2259 habent,

295 2276 480 2323 fastidio
508 2294 629 2341 saepe
654 2287 965 2324 marcescunt.
1001 2277 1145 2339 Igitur
1166 2276 1419 2324 salubiiter
1442 2278 1640 2343 Spiritus
1662 2287 1853 2326 sanctus
1875 2277 1938 2324 ita
1962 2278 2218 2342 scripturas
2236 2277 2427 2325 modifi—

294 2349 435 2407 cavit,
457 2358 510 2394 ut
524 2347 642 2415 locis
661 2348 975 2412 apertioribus
990 2348 1101 2395 fami
1127 2359 1419 2406 occurreret,
1434 2349 1795 2397 obscurioribus
1818 2358 1979 2396 autem
2002 2348 2189 2401 fastidia
2209 2348 2423 2412 deterge-

295 2437 381 2472 ret.
400 2418 422 2469 'n
448 2428 593 2490 Quasi
615 2443 728 2491 ergo
749 2428 797 2472 in
819 2427 1014 2474 latebris
1028 2428 1271 2474 Dominus
1287 2429 1532 2491 quiescere
1547 2429 1738 2492 gaudet,
1759 2439 1828 2483 ut,
1851 2436 1950 2492 quo
1970 2428 2183 2491 magisse
2199 2427 2422 2484 occultat,

295 2506 471 2567 gratior
498 2507 556 2552 sit
600 2505 691 2553 illis
707 2505 881 2569 quibus
904 2523 953 2553 se
978 2506 1258 2565 manifestat,
1283 2517 1330 2554 et
1350 2524 1447 2571 quo
1471 2509 1620 2571 magis
1643 2525 1701 2555 ex
1725 2502 2002 2554 difficultate
2025 2508 2267 2572 scripturae
2287 2505 2424 2554 labo-

294 2595 449 2645 ratur,
480 2585 700 2652 meritum
729 2585 964 2632 lectorum
988 2595 1240 2650 augeatur,
1266 2586 1326 2632 de
1350 2603 1448 2649 quo
1475 2587 1767 2634 Psalmista³z
1796 2607 1819 2631 «
1850 2588 2031 2646 Posuit,
2062 2587 2283 2650 irinquit,
2310 2604 2334 2627 α
2352 2595 2426 2631 vte·

296 2664 464 2711 nehras
486 2653 736 2731 latibulum
759 2681 916 2723 suum,
939 2685 960 2708 >³
979 2667 1277 2712 etrursum½
1295 2686 1317 2710 α
1337 2665 1608 2713 Tenebrosa
1631 2683 1756 2730 aqua
1779 2667 1827 2713 in
1846 2666 2060 2715 nubibus
2080 2666 2218 2712 aeris.
2240 2683 2263 2709 υ
2281 2665 2423 2724 Quia,

295 2743 447 2806 inquit
475 2738 752 2806 Gregorius,
785 2744 1036 2794 obscurata
1072 2755 1143 2792 est
1166 2746 1398 2792 sententia
1437 2746 1486 2792 in
1520 2746 1794 2811 Prophetis,
1820 2746 1883 2793 de
1905 2760 2003 2809 quo
2028 2746 2263 2810 scriptum
2285 2753 2356 2791 est
2375 2744 2425 2789 in

295 2812 420 2884 lege⁵
441 2840 450 2867 ε
479 2843 500 2865 (ι
520 2824 722 2870 Accessit
744 2826 928 2889 Moyses
951 2825 1012 2872 ad
1035 2825 1284 2888 caliginem
1307 2826 1355 2871 in
1376 2840 1470 2889 qua
1495 2835 1595 2872 erat
1618 2828 1762 2872 Deus.
1788 2845 1810 2868 »
1828 2829 1885 2872 Et
1904 2825 2131 2872 Salomon
2154 2825 2205 2871 in
2232 2820 2423 2878 Parali-

287 2918 525 2967 pomenon
542 2891 719 2952 ‚ai't⁸':'‘«
747 2905 980 2951 Dominus
1000 2904 1238 2968 pollicitus
1263 2914 1332 2951 est
1360 2914 1412 2950 ut
1433 2903 1675 2952 habitaret
1697 2906 1747 2951 in
1786 2906 2010 2968 caligine;
2039 2904 2206 2950 »idem
2231 2904 2280 2948 in
2306 2904 2423 2947 Pr'o·

295 2968 482 3025 verbi‘is'
509 2999 517 3027 :
550 2981 759 3027 «Gloria
798 2993 867 3029 est
900 2984 987 3030 Dei
1022 2983 1176 3030 celare
1206 2983 1431 3043 verbum,
1464 2993 1510 3030 et
1547 2984 1698 3046 gloria
1725 3000 1891 3048 regum
1926 2983 2208 3044 investigare
2240 2995 2421 3034 sermo·

335 3189 340 3204 ¹
361 3186 413 3218 Sic
428 3187 508 3218 Cod.
521 3188 603 3220 Υἱοὶ.
617 3188 751 3228 Spiritu
765 3193 880 3221 sancto
892 3190 1049 3221 Arno—²
1062 3189 1128 3220 Lib.
1141 3189 1263 3229 ll,cap.
1276 3198 1315 3220 vi.
1394 3198 1422 3220 v.
1442 3191 1491 3221 21.
1512 3206 1544 3212 -
1562 3191 1572 3208 ⁶
1589 3187 1629 3226 il,
1649 3188 1782 3226 Parcet„
1795 3196 1854 3227 cap
1886 3196 1929 3226 vi,
1948 3196 1964 3216 v
2000 3188 2074 3218 1.—
2093 3188 2101 3206 '¹
2119 3186 2238 3224 Prov„
2254 3193 2326 3225 cap.
2344 3193 2421 3223 xxv,

293 3256 326 3262 —
343 3241 354 3258 ³
372 3239 484 3272 esaim.
513 3250 598 3278 xvn,
624 3251 652 3273 ν.
680 3243 729 3274 12.
751 3261 785 3266 -
804 3244 814 3262 ⁴
831 3243 915 3275 [bid.
938 3260 973 3265 -—
992 3243 1136 3279 ⁶·E10d.,
1165 3252 1234 3282 cap.
1263 3251 1317 3278 xx,
1393 3250 1421 3272 v.
1442 3244 1471 3273 21
1566 3255 1567 3258 ¹
