2638 3866
950 235 1026 282 ΤΗ
1033 235 1296 284 EOLOGlA
1331 236 1695 285 CHRISTIANA.
2306 241 2405 290 459

250 335 536 384 inhabitatio
571 351 768 383 sensum
805 333 957 383 multa
995 336 1318 399 cogitantem,
1360 347 1408 385 et
1442 336 1636 386 difficile
1675 336 2019 386 aestimabimus
2053 355 2160 403 quae
2195 340 2244 387 in
2280 350 2404 391 terra

251 426 381 478 sunt,
415 426 464 464 et
494 433 601 480 quae
632 416 683 463 in
721 424 981 481 prospectu
1023 427 1137 463 sunt
1175 417 1480 465 inveniemus
1516 435 1629 466 cum
1669 418 1851 466 labore.
1893 422 2010 478 Quae
2049 420 2098 467 in
2135 421 2267 469 coelis
2293 433 2407 470 sunt

251 508 414 546 autem
453 499 561 563 quis
604 495 940 560 investigabit?
963 496 1136 565 ›v—llle,
1181 498 1408 563 inquam,
1451 500 1687 547 maximus
1722 515 1778 547 ac
1809 499 2186 548 studiosissimus
2221 512 2404 551 naturae

250 578 522 643 indagator,
563 578 642 626 cui
671 576 1074 642 incomparabiles
1112 595 1246 644 opes,
1284 580 1362 627 cui
1399 597 1570 645 pacem
1600 597 1657 628 ac
1691 581 1970 646 sospitatem
2004 582 2285 631 continuam
2307 620 2319 644 ,
2365 585 2404 631 is

250 676 448 726 quoque
479 660 564 725 qui
602 657 887 724 sapientiam
917 658 961 705 ei
998 657 1194 723 largitus
1221 670 1291 708 est
1325 660 1557 723 contulit,
1603 677 1665 708 ne
1697 677 1794 726 qua
1825 660 1949 708 forte
1983 664 2274 711 necessitatis
2305 665 2401 711 sol·

252 739 483 800 licitudo,
533 756 596 787 ne
630 755 728 804 qua
775 738 1103 805 periculorum
1142 740 1366 789 instantia
1403 741 1617 790 studium
1663 742 1766 806 ejus
1805 742 2106 808 praepediret.
2145 746 2216 791 De
2260 744 2404 808 hujus

251 820 450 886 quidem
488 820 722 886 sapientia
756 836 812 868 ac
843 819 1006 868 studio
1038 820 1160 869 liber
1200 822 1366 869 tertius
1387 826 1567 888 Regum
1595 822 1661 870 sic
1698 823 1974 870 continet¹z
2010 843 2034 868 «
2070 826 2128 871 Et
2163 824 2402 889 praecede-

249 900 335 949 bat
372 900 607 966 sapientia
643 900 914 948 Salomonis
951 901 1236 967 sapientiam
1271 903 1492 950 omnium
1528 902 1847 952 Orientalium
1873 913 1921 951 et
1950 905 2313 969 AEgyptiorum3
2355 914 2402 952 et

250 992 353 1030 erat
390 982 652 1047 sapientior
688 983 873 1031 cunctis
902 982 1214 1043 hominibus,
1255 993 1303 1031 et
1339 984 1617 1032 nominatus
1661 985 1897 1032 universis
1938 983 2160 1048 gentibus
2201 1001 2288 1050 per
2312 985 2403 1033 cir-

248 1063 455 1111 cuitum.
493 1066 704 1110 Locutus
741 1073 813 1110 est
847 1080 1045 1128 quoque
1078 1065 1169 1112 tria
1210 1064 1359 1113 millia
1401 1065 1681 1130 parabolas3
1725 1075 1772 1112 et
1809 1065 2004 1112 fuerunt
2042 1065 2256 1113 carmina
2302 1066 2403 1129 ejus

249 1144 466 1208 quinque
501 1142 682 1203 millia3
724 1153 772 1191 et
808 1133 1069 1210 disputavit
1100 1162 1244 1211 super
1273 1145 1405 1209 ligna
1445 1161 1474 1193 a
1510 1145 1657 1193 cedro
1697 1162 1801 1210 quae
1839 1156 1910 1193 est
1939 1146 1988 1193 in
2030 1145 2213 1193 Libano
2253 1162 2404 1210 usque

248 1218 311 1265 ad
341 1218 585 1284 hysopum
617 1234 723 1283 quae
754 1218 999 1283 egreditur
1021 1220 1082 1267 de
1114 1220 1313 1286 pariete,
1345 1229 1393 1267 et
1425 1219 1647 1267 disseruit
1679 1221 1741 1268 de
1759 1220 1989 1284 jumentis
2013 1231 2062 1268 et
2090 1219 2399 1279 volucribus,

247 1304 297 1342 et
322 1295 592 1360 reptilibus,
616 1306 663 1344 et
686 1296 913 1362 piscibus.
942 1300 1000 1344 Et
1019 1297 1275 1345 veniebant
1299 1297 1360 1345 de
1380 1298 1566 1345 cunctis
1587 1297 1780 1363 populis
1803 1297 1865 1344 ad
1890 1297 2185 1345 audiendam
2209 1299 2400 1363 sapien-

249 1375 364 1422 tiam
399 1375 691 1439 Salomonis,
727 1387 775 1425 et
807 1377 870 1426 ab
906 1378 1140 1426 universis
1172 1377 1452 1443 regionibus
1485 1388 1636 1425 terrae.
1662 1398 1685 1421 »
1711 1380 1783 1425 De
1809 1378 1945 1443 cujus
1978 1379 2123 1426 etiam
2153 1379 2403 1444 incompa-

247 1454 386 1504 rabili
409 1456 687 1505 divitiarum
713 1458 959 1507 affluentia
989 1459 1114 1506 inter
1138 1468 1307 1506 caetera
1336 1458 1512 1506 eodem
1535 1458 1861 1524 subscriptum
1885 1468 1954 1507 est
1977 1458 2132 1506 libro'
2155 1477 2165 1505 :
2197 1478 2220 1503 «
2242 1459 2335 1506 Sed
2355 1469 2402 1507 et

247 1537 471 1586 universa
507 1555 637 1601 vasa,
676 1539 738 1586 de
775 1539 953 1604 quibus
988 1539 1191 1606 potabat
1224 1557 1307 1588 rex
1343 1540 1592 1600 Salomon,
1631 1549 1768 1588 erant
1803 1549 2058 1604 argentea,
2096 1549 2144 1587 et
2180 1540 2400 1587 universa

248 1617 495 1683 suppellex
533 1619 710 1667 domus
744 1620 890 1668 saltus
929 1620 1098 1668 Libani
1132 1620 1194 1668 de
1230 1637 1350 1668 auro
1386 1621 1662 1686 purissimo.
1705 1623 1813 1667 Non
1852 1629 1954 1667 erat
1987 1629 2271 1683 argentum,
2314 1636 2403 1667 nec

247 1696 448 1762 alicujus
483 1699 627 1764 pretii
659 1699 920 1765 putabatur
947 1701 998 1747 in
1029 1699 1201 1748 diebus
1235 1700 1526 1748 Salomonis.
1550 1721 1572 1744 2>
1599 1703 1718 1748 Item
1747 1710 1858 1766 post
1887 1702 2069 1765 pauca⁸
2094 1717 2105 1745 ε
2129 1718 2152 1744 κ
2179 1700 2405 1764 Fecitque

245 1787 299 1825 ut
329 1788 462 1828 tanta
490 1789 613 1827 esset
642 1779 941 1828 abundantia
978 1782 1163 1845 argenti
1193 1782 1243 1828 in
1273 1782 1562 1843 Jerusalem,
1601 1790 1784 1846 quanta
1815 1780 2034 1846 lapidum
2069 1790 2117 1828 et
2142 1780 2404 1828 cedrorum

245 1859 451 1925 praebuit
474 1861 855 1924 multitudinem,
881 1863 1017 1927 quasi
1040 1862 1310 1910 sicomoros
1334 1879 1440 1927 quae
1459 1872 1725 1911 nascuntur
1748 1863 1799 1910 in
1832 1861 2200 1927 campestribus.
2225 1880 2249 1906 »
2275 1862 2403 1909 Mirae

244 1939 445 2005 quidem
480 1958 598 2007 opes
625 1943 918 2003 Salomonis,
953 1943 1075 1990 mira
1112 1959 1261 2009 opera
1287 1960 1392 2008 quae
1424 1944 1707 2004 construxit,
1743 1942 1827 1991 sed
1854 1942 2118 1991 mirabilior
2150 1943 2399 2008 sapientia,

245 2037 352 2086 quae
371 2038 484 2069 cum
501 2022 698 2071 modico
717 2034 939 2088 praeesset
960 2041 1126 2088 regno,
1147 2033 1305 2072 tantas
1318 2025 1641 2088 congregavit.
1660 2026 1817 2082 Quem
1832 2023 1976 2070 etiam
1999 2039 2085 2088 per
2110 2023 2403 2070 exorcismos

245 2118 371 2166 quos
404 2102 607 2165 invenit,
643 2120 729 2151 seu
766 2121 853 2169 per
888 2104 1124 2168 quasdam
1162 2114 1345 2152 naturae
1381 2121 1545 2152 rerum
1579 2105 1704 2151 vires
1740 2103 1952 2150 occultas
1985 2119 2104 2166 quas
2142 2103 2397 2166 cognovit,

245 2181 549 2231 daemonibus
573 2200 769 2249 quoque
802 2185 916 2249 ipsis
945 2195 1134 2232 certum
1164 2195 1235 2232 est
1269 2185 1529 2232 dominari.
1569 2185 1646 2231 Sic
1671 2185 1720 2230 in
1757 2193 1929 2233 octavo
1945 2181 2158 2230 Judazcae
2181 2184 2403 2247 Antiqui-

247 2264 361 2309 tatz's
397 2263 524 2311 libro
559 2263 799 2329 Josephus
831 2275 1011 2326 narrat,
1049 2275 1097 2312 et
1133 2266 1348 2330 seipsum
1383 2264 1435 2312 id
1468 2265 1572 2312 visu
1607 2263 1838 2330 probasse
1875 2263 2122 2329 perhibet,
2160 2262 2401 2310 abstracto

244 2343 468 2391 videlicet
492 2343 735 2392 daemonio
767 2361 855 2410 per
887 2361 1029 2393 nares
1064 2345 1317 2409 cujusdam
1351 2361 1498 2410 quem
1531 2344 1760 2405 vexabat,
1798 2344 2015 2391 immisso
2042 2342 2226 2391 annulo
2255 2343 2403 2408 ipsius

245 2423 462 2486 naribus,
499 2426 578 2472 cui
610 2423 804 2472 suberat
827 2425 963 2473 radix
998 2425 1287 2474 Salomonis.
1316 2428 1440 2477 Cum
1471 2426 1635 2490 itaque
1668 2434 1812 2473 tantae
1854 2423 2135 2472 excellentia
2158 2425 2402 2489 sapientiae

244 2514 442 2553 cunctas
459 2522 533 2552 res
557 2504 680 2553 adeo
704 2504 921 2553 difficiles
943 2523 1045 2554 esse
1064 2506 1314 2570 intelligat,
1336 2515 1389 2553 ut
1412 2506 1637 2572 explicari
1654 2522 1877 2553 sermone
1899 2504 2174 2552 nullatenus
2194 2503 2397 2568 possint,

245 2585 382 2648 quasi
421 2585 541 2633 illud
567 2585 962 2652 philosophicum
1000 2596 1048 2634 et
1086 2588 1189 2652 ipse
1221 2586 1413 2648 clamet,
1459 2590 1638 2634 «Latet
1676 2603 1824 2634 omne
1857 2602 2094 2645 verum,»
2133 2582 2396 2649 perpende,

246 2665 465 2729 quisquis
490 2682 559 2725 es,
586 2676 768 2730 quanta
805 2668 1084 2732 praesumtio
1128 2668 1188 2714 sit
1230 2667 1291 2714 de
1330 2684 1408 2724 eo,
1448 2667 1584 2731 quod
1626 2676 1798 2714 cuncta
1832 2664 2126 2713 transcendit
2166 2663 2398 2720 humana,

245 2742 482 2791 discutere
514 2745 720 2806 ratione,
754 2763 845 2794 nec
870 2746 1006 2794 aliter
1037 2747 1340 2810 acquiescere
1363 2745 1502 2805 velle,
1536 2746 1696 2793 donec
1728 2762 1784 2793 ea
1809 2761 1915 2809 quae
1950 2744 2194 2802 dicuntur,
2231 2751 2315 2790 aut
2341 2759 2400 2789 ex

244 2839 390 2871 sensu
423 2833 506 2871 aut
537 2826 722 2872 ratione
746 2826 960 2874 humana
993 2828 1091 2874 sint
1119 2825 1387 2886 manifesta,
1423 2825 1560 2890 quod
1591 2835 1661 2871 est
1689 2826 1880 2888 penitus
1902 2823 2051 2871 fidem
2075 2833 2123 2870 et
2147 2839 2284 2888 spem
2310 2823 2402 2870 tol-

247 2903 362 2963 lere,
392 2920 506 2951 cum
538 2914 794 2970 utramque
826 2905 887 2953 de
911 2923 1012 2953 non
1037 2905 1381 2971 apparentibus
1409 2922 1512 2953 esse
1540 2914 1745 2953 constet.
1786 2903 1927 2951 Unde
1963 2903 2269 2965 Ambrosius,
2307 2922 2332 2948 α
2352 2903 2401 2950 Si

246 2983 432 3030 ratione
463 2985 747 3048 convincor,
775 2984 922 3033 fidem
943 2985 1125 3033 abnuo.
1144 3004 1168 3030 »ι
1193 2988 1251 3032 Et
1273 2985 1572 3051 Apostolus⁴,
1604 2984 1800 3045 «Fides,
1833 2985 2008 3048 inquit,
2041 2994 2112 3032 est
2134 2983 2399 3031 substantia

246 3064 596 3129 sperandarum
619 3082 801 3126 rerum,
827 3076 1165 3132 argumentum
1199 3083 1301 3114 non
1333 3066 1689 3132 apparentium.
1711 3084 1734 3111 »
1766 3069 1825 3113 Et
1848 3065 1984 3112 alihi⁵
2011 3084 2021 3111 :
2054 3084 2077 3110 «
2098 3066 2216 3130 Spes
2238 3074 2399 3112 autem

290 3273 297 3291 ¹
318 3271 474 3313 Re9.1u,
495 3281 566 3314 cap.
585 3282 635 3315 ιν,
660 3282 689 3306 v.
716 3276 767 3308 30.
787 3290 828 3297 -—-
852 3273 863 3292 ²
879 3275 958 3316 Περ.
977 3273 1033 3315 111,
1061 3283 1133 3316 cap.
1157 3283 1193 3316 x,
1211 3276 1307 3308 v.2l.
1328 3291 1367 3298 —
1393 3276 1404 3295 ³
1425 3274 1535 3316 1bid.‚
1557 3283 1587 3306 v.
1615 3276 1668 3308 27.
1693 3292 1733 3298 -
1755 3276 1764 3294 ⁴
1783 3274 1897 3314 Hebr„
1920 3282 1994 3315 cap.
2014 3282 2065 3312 xi,
2091 3282 2119 3305 v.
2142 3276 2171 3306 1.
2190 3290 2230 3296 —
2252 3274 2263 3293 ⁵
2284 3272 2397 3311 Rom,

253 3332 327 3364 cap.
347 3333 423 3365 vm,
441 3335 470 3358 v.
488 3327 541 3359 24.
