2638 3866
868 182 928 230 ΙΝ
962 181 1294 229 EPlSTOLAM
1328 182 1406 227 AD
1442 180 1747 229 ROMANOS.
2300 184 2396 228 249

236 285 408 344 tolerat
429 301 599 351 aspera
628 295 841 345 coactuS,
870 301 970 332 non
1005 294 1319 349 spontaneUS,
1347 300 1435 350 per
1465 300 1571 349 quae
1594 284 1848 332 sanitatem
1878 301 1928 332 se
1954 283 2245 351 adepturum
2276 284 2397 331 exis·

236 368 389 416 timat.
418 369 729 431 Quaecunque
751 374 913 414 autem
937 374 1133 413 coactus
1150 366 1257 430 quis
1279 366 1500 428 sustinet,
1521 382 1624 413 non
1646 365 1814 430 utique
1835 366 1976 428 velle,
2001 365 2085 414 sed
2107 366 2260 430 magis
2282 364 2401 412 tole-

236 465 341 497 rare
360 447 594 496 dicendus
613 457 701 495 est.
729 445 858 495 Nihil
878 446 1058 512 quippe
1083 445 1343 510 affligendo
1366 455 1530 510 gravat
1550 445 1780 511 aliquem,
1813 447 1905 494 nisi
1933 446 2067 512 quod
2100 455 2269 494 contra
2299 445 2401 509 ejus

238 529 419 594 geritur
440 527 761 576 voluntatem.
788 530 847 575 Et
870 528 919 575 in
941 526 1075 574 nullo
1096 527 1202 590 quis
1221 527 1421 592 patitur,
1441 526 1533 574 nisi
1556 525 1691 590 quod
1714 526 1816 590 ejus
1832 526 2069 575 voluntati
2102 526 2396 575 adversatur.

239 610 410 658 Anima
425 610 587 676 itaque
610 608 785 657 Christi
805 624 905 656 non
927 618 1025 656 tam
1050 607 1334 656 afflictiones
1351 608 1635 673 passionum
1657 606 1774 655 velle
1798 624 1945 672 quam
1967 608 2172 656 tolerare
2196 606 2402 655 dicenda

239 701 326 740 est.
356 689 452 738 Sed
474 691 589 755 quia
606 690 751 738 etiam
776 689 992 737 Christus
1009 689 1112 755 ipse
1136 688 1251 736 alibi
1267 687 1522 754 profitetur
1542 705 1645 737 non
1669 705 1720 737 se
1738 688 1929 737 venisse
1946 689 2247 736 voluntatem
2264 704 2402 736 suam

241 772 414 834 facere,
440 770 526 819 sed
547 770 848 819 voluntatem
867 770 1045 832 Patris;
1071 769 1202 817 unde
1223 778 1272 816 et
1293 786 1383 835 pro
1404 786 1583 834 magno
1605 769 1653 817 id
1673 769 1846 817 merito
1882 780 1927 817 et
1964 770 2138 816 virtute
2172 780 2404 835 reputan-

240 855 360 904 dum
382 865 472 916 est,
499 872 613 903 cum
635 871 801 904 amore
826 855 935 921 quis
968 854 1058 902 Dei
1074 870 1186 901 ‹tsuae
1220 853 1414 919 penitus
1439 854 1747 903 abrenuntiat
1773 852 2029 913 voluntati,
2058 853 2209 900 immo
2246 863 2319 913 et,
2353 863 2405 900 ut

240 937 343 1003 ipse
375 936 488 985 alibi
527 936 743 985 Christus
773 937 857 999 ait,
892 936 1054 984 adhuc
1090 946 1139 984 et
1171 935 1383 983 animam
1413 953 1550 983 suam
1585 935 1744 984 oderit
1770 952 1781 982 τ
1810 934 2026 1000 quodam
2059 935 2221 999 itaque
2253 934 2405 981 modo

241 1034 374 1066 mors
394 1019 500 1084 ipsa
521 1017 810 1068 humanitati
827 1018 1003 1066 Christi
1025 1017 1279 1066 dominata
1313 1025 1401 1077 est,
1430 1016 1630 1082 quando
1665 1032 1774 1064 eam
1803 1016 2027 1064 videlicet
2062 1033 2159 1082 prae
2191 1016 2409 1080 angustia

241 1115 327 1147 sua
354 1098 699 1148 reformidabat
722 1109 769 1147 et
800 1099 1003 1147 transire
1022 1099 1184 1164 potius
1206 1114 1355 1163 quam
1380 1098 1545 1146 venire
1569 1097 1781 1158 volebat,
1816 1098 1953 1163 quasi
1977 1096 2151 1144 nolens
2185 1097 2411 1144 sustinuit

239 1189 442 1247 propter
459 1180 729 1246 injunctam
754 1180 846 1228 sibi
866 1196 893 1227 a
920 1183 1058 1227 Patre
1078 1178 1424 1237 obedientiam.
1450 1179 1546 1237 Qui
1569 1179 1716 1227 etiam
1738 1178 1953 1242 sublege
1978 1177 2131 1225 factus
2162 1187 2250 1235 est,
2294 1193 2407 1224 cum

242 1262 446 1310 omnino
468 1262 560 1327 legi
583 1262 652 1309 nil
672 1261 889 1310 deberet.
915 1261 1026 1309 Tale
1048 1270 1119 1309 est
1140 1261 1302 1325 itaque
1321 1260 1457 1326 quod
1481 1261 1547 1308 ait
1562 1260 1846 1326 Apostolus:
1874 1279 1897 1306 «
1921 1262 2048 1309 Mors
2068 1259 2137 1306 illi
2159 1260 2283 1307 ultra
2308 1275 2409 1305 non

242 1342 591 1405 dominabitur,
618 1362 640 1388 »
668 1359 724 1391 ac
747 1343 788 1390 si
811 1342 992 1391 diceret
1012 1362 1022 1389 z
1055 1346 1162 1391 Non
1181 1343 1424 1409 opprimet
1447 1342 1716 1405 nolentem,
1739 1342 1817 1390 vel
1847 1359 1950 1390 non
1980 1341 2158 1406 affliget
2178 1340 2414 1387 violenter

240 1423 574 1473 innocentem.
602 1425 753 1483 Quasi
776 1426 909 1473 enim
934 1424 1220 1473 violentiam
1244 1440 1376 1471 mors
1398 1424 1449 1471 in
1476 1440 1591 1472 eum
1614 1424 1842 1481 exercuit,
1881 1439 1994 1470 cum
2023 1423 2336 1469 innocentem
2367 1430 2415 1468 et

241 1505 364 1552 nulli
387 1515 588 1571 peccato
607 1506 799 1571 penitus
821 1505 1153 1570 subjacentem
1174 1505 1431 1571 oppressit,
1456 1522 1562 1570 quae
1588 1522 1689 1553 non
1717 1505 1809 1552 nisi
1832 1504 2017 1570 peccati
2047 1519 2193 1551 causa
2224 1501 2415 1549 homini

243 1595 313 1632 est
335 1586 567 1634 immissa.
595 1589 760 1635 Potest
790 1587 922 1634 enim
949 1586 1318 1634 convenientius
1346 1586 1577 1651 distingui
1613 1585 1748 1651 quod
1781 1585 1965 1632 dictum
1995 1594 2066 1631 est
2093 1601 2103 1629 :
2135 1602 2158 1629 «
2184 1585 2292 1630 Jam
2313 1599 2415 1630 non

243 1666 470 1729 moritur,
491 1677 539 1714 et
557 1683 690 1715 mors
708 1667 776 1714 illi
796 1667 923 1715 ultra
947 1684 1050 1715 non
1076 1666 1429 1727 dominabitur,
1451 1686 1474 1710 »
1502 1656 1556 1714 ut
1568 1666 1792 1714 videlicet
1815 1664 1936 1712 illud
1959 1664 2174 1730 primum
2202 1662 2263 1710 ad
2287 1679 2417 1711 mor-

243 1754 343 1794 tem
383 1748 623 1812 corporis,
663 1747 934 1796 secundum
973 1764 1090 1796 vero
1131 1747 1194 1795 ad
1233 1757 1444 1795 mortem
1478 1747 1652 1795 animae
1684 1746 1934 1794 referatur.
1971 1744 2082 1793 Tale
2111 1745 2292 1810 quippe
2326 1755 2414 1805 est,

247 1847 270 1870 «
290 1844 393 1876 non
414 1826 622 1876 moritur
643 1828 764 1893 jam,
785 1850 808 1873 >2
835 1846 892 1877 ac
917 1829 956 1877 si
978 1828 1185 1889 dicatur,
1214 1838 1501 1895 praesentem
1519 1829 1625 1876 vitae
1648 1837 1876 1888 mortem,
1914 1826 1966 1874 id
1999 1835 2086 1886 est,
2114 1825 2419 1892 corporalem

242 1924 344 1956 non
369 1909 601 1958 incurret.
627 1910 738 1958 Tale
761 1920 833 1958 est
855 1927 991 1972 vero,
1029 1929 1052 1956 «
1086 1927 1220 1958 mors
1250 1910 1318 1958 illi
1347 1910 1475 1958 ultra
1506 1927 1608 1958 non
1638 1909 1990 1970 dominabitur,
2015 1927 2039 1952 »
2066 1924 2123 1955 ac
2147 1908 2186 1955 si
2211 1907 2415 1968 dicatur,

243 2005 377 2037 mors
395 1990 477 2039 illa
499 1991 703 2039 ulterior
727 2009 833 2057 quae
860 1992 911 2039 in
942 1991 1167 2058 reprobis
1193 1992 1500 2058 corporalem
1538 1991 1771 2057 sequitur,
1813 1999 1861 2037 et
1893 1989 2038 2036 etiam
2070 1998 2182 2054 post
2209 2005 2422 2036 resurre-

243 2071 457 2119 ctionem
474 2072 635 2139 impiis
654 2072 953 2135 dominatur,
977 2073 1382 2136 eumssnullatenus
1393 2074 1654 2140 opprimet.
1673 2075 1790 2131 Quae
1807 2070 2034 2119 videlicet
2050 2087 2181 2118 mors
2192 2070 2421 2117 omnibus

245 2169 368 2217 quos
391 2154 561 2218 arripit
583 2153 881 2216 dominatur,
912 2159 959 2202 et
982 2156 1231 2203 neminem
1265 2155 1358 2202 nisi
1389 2155 1598 2203 invitum
1627 2154 1845 2201 detinere
1875 2161 2051 2218 potest.
2089 2154 2226 2198 Hanc
2258 2160 2421 2199 autem

245 2231 608 2281 distinctionem
649 2251 857 2299 sequens
901 2235 1056 2282 littera
1097 2236 1286 2299 exigere
1326 2236 1520 2283 videtur
1561 2251 1668 2300 quae
1701 2235 1782 2296 ait,
1827 2254 1850 2278 «
1884 2233 1998 2298 quia
2035 2232 2166 2280 enim
2200 2240 2422 2278 mortuus

246 2322 344 2376 est,
371 2324 463 2362 etc.
489 2333 513 2359 »
543 2315 668 2362 Hinc
688 2315 820 2363 enim
858 2315 1035 2382 probat
1059 2316 1195 2381 quod
1231 2332 1365 2364 mors
1391 2317 1473 2365 illa
1496 2334 1602 2382 quae
1630 2316 1801 2364 ultima
1834 2325 1923 2375 est,
1958 2313 2009 2361 id
2047 2322 2137 2375 est,
2176 2329 2282 2377 quae
2310 2322 2420 2376 post

244 2394 373 2442 hanc
395 2395 723 2443 transitoriam
746 2397 962 2461 sequitur
986 2407 1181 2455 aeterna,
1205 2396 1272 2444 illi
1296 2414 1399 2445 non
1423 2397 1775 2459 dominabitur,
1800 2396 1915 2461 quia
1927 2395 2006 2443 ille
2026 2393 2175 2441 semel
2197 2403 2420 2440 mortuus

252 2484 323 2523 est
345 2475 395 2522 in
419 2491 628 2541 corpore
648 2486 859 2524 tantum.

317 2574 342 2601 α
363 2556 511 2614 Quod
534 2556 666 2603 enim
691 2546 1002 2605 mortuus-est
1026 2569 1226 2624 peccato
1261 2559 1471 2625 penitus,
1507 2579 1529 2603 2>
1562 2559 1613 2606 id
1637 2567 1724 2618 est,
1753 2558 1802 2604 in
1829 2557 1967 2603 nullo
1990 2555 2181 2621 penitus
2199 2570 2417 2619 unquam

247 2636 338 2683 fuit
357 2646 578 2702 peccato,
602 2637 701 2685 sive
718 2638 892 2685 actuali
909 2639 1006 2686 sive
1031 2639 1270 2702 originali,
1297 2657 1388 2705 pro
1413 2655 1512 2703 quo
1538 2639 1763 2686 videlicet
1789 2646 1990 2703 peccato
2016 2652 2147 2682 mors
2171 2634 2251 2683 illa
2277 2634 2418 2683 dam-

248 2716 458 2763 nationis
477 2716 700 2777 debetur,
724 2717 837 2765 ideo
867 2718 1012 2766 semel
1041 2728 1230 2766 tantum
1265 2720 1390 2766 mori
1414 2720 1591 2784 potuit,
1624 2727 1678 2765 ut
1700 2717 1883 2764 dictum
1904 2725 1999 2775 est,
2026 2715 2077 2761 id
2107 2724 2178 2761 est
2212 2731 2417 2779 corpore

248 2805 457 2855 tantum,
486 2813 589 2844 non
613 2798 791 2845 anima.
819 2817 842 2841 «
865 2798 1012 2856 Quod
1042 2809 1204 2847 autem
1223 2799 1357 2846 vivit.
1387 2819 1410 2843 >›
1450 2802 1669 2846 Mortuus
1703 2807 1791 2859 est,
1818 2798 2039 2861 inquam,
2066 2795 2152 2842 sed
2173 2795 2290 2842 vivit.
2315 2795 2415 2859 jam

249 2877 518 2942 suscitatus.
543 2880 602 2924 Et
624 2878 759 2942 quod
779 2879 912 2938 vivit,
941 2900 963 2923 «
984 2880 1099 2926 vivit
1123 2883 1246 2940 Deo,
1273 2897 1297 2924 »
1319 2880 1443 2926 sicut
1466 2889 1685 2927 mortuus
1705 2878 1859 2925 suerat
1882 2886 2101 2942 peccato,
2126 2876 2278 2923 immo
2304 2877 2416 2940 quia

249 2966 471 3005 mortuus
493 2959 672 3006 exsistit
691 2958 739 3006 in
764 2960 983 3024 praesenti
1008 2959 1181 3007 saeculo
1203 2969 1421 3024 peccato,
1457 2976 1652 3008 necesse
1676 2968 1747 3006 est
1764 2968 1818 3006 ut
1850 2959 1900 3005 in
1937 2957 2100 3004 suturo
2133 2957 2262 3003 vivat
2290 2960 2412 3004 Deo.

249 3038 377 3086 Vivit
396 3049 598 3105 peccato
623 3039 707 3104 qui
722 3040 934 3087 vivendo
961 3049 1155 3105 peccat3
1183 3041 1303 3087 vivit
1325 3043 1429 3088 Deo
1454 3042 1537 3106 qui
1553 3040 1615 3088 ab
1638 3041 1740 3105 ejus
1754 3040 2002 3087 voluntate
2025 3055 2128 3085 non
2152 3038 2412 3085 discordat.

252 3119 394 3178 Quod
417 3120 616 3184 quidem
631 3119 721 3167 soli
738 3119 928 3168 Christo
954 3121 1052 3169 sive
1073 3122 1122 3168 in
1147 3122 1252 3187 ipso
1278 3122 1433 3188 capite
1456 3123 1554 3171 sive
1574 3122 1624 3169 in
1647 3121 1749 3186 ejus
1769 3119 2044 3185 glorificatis
2071 3119 2301 3167 membris
2324 3136 2418 3166 ve-

252 3201 428 3249 raciter
451 3202 734 3268 assignatur.
777 3223 799 3246 c<
831 3205 901 3251 Ita
936 3213 984 3249 et
1018 3221 1123 3251 vos.
1154 3222 1178 3248 »
1209 3203 1356 3263 Quod
1393 3204 1622 3271 praemisit
1652 3202 1715 3250 de
1744 3202 1900 3268 capite
1931 3218 2019 3267 per
2054 3200 2418 3248 similitudinem

255 3282 517 3345 quamdam
541 3283 604 3332 ad
628 3283 848 3333 membra
872 3283 1085 3348 reducit,
1115 3295 1167 3333 ut
1189 3285 1409 3334 videlicet
1433 3295 1632 3352 peccato
1661 3284 1932 3332 moriantur
1955 3292 2003 3330 et
2029 3284 2131 3329 Deo
2151 3281 2331 3328 vivant.
2358 3281 2418 3325 Et

418 3384 452 3410 11
2206 3367 2255 3403 32
