2638 3866
267 242 363 290 480
1074 231 1246 278 PETRI
1288 231 1602 279 ABAELARDI

263 340 466 405 septimo
504 336 560 382 de
604 335 837 382 Trim'tate
866 331 989 378 libro
1028 346 1134 395 cap.
1163 347 1211 377 1v
1238 340 1284 377 et
1307 347 1338 376 v
1361 330 1435 377 his
1462 330 1659 395 quidem
1698 331 1852 379 verbis
1883 333 1943 380 de
1971 337 2073 381 Deo
2107 334 2356 400 disputans
2383 353 2394 382 :

266 421 350 465 «Si
374 419 469 464 hoc
492 425 562 462 est
584 418 688 461 Deo
713 429 813 460 esse
837 410 968 475 quod
993 410 1267 471 subsistere,
1295 411 1361 458 ita
1386 428 1484 458 non
1509 422 1650 459 erunt
1671 411 1886 460 dicendae
1907 423 1999 461 tres
2029 414 2318 477 substantiae,
2349 425 2399 463 ut

265 516 363 545 non
386 497 613 544 dicuntur
635 504 731 541 tres
753 493 966 540 essentiae
991 510 1000 538 ε
1026 491 1441 556 quemadmodum
1464 492 1576 556 quia
1595 492 1692 539 hoc
1719 502 1788 540 est
1813 496 1916 541 Deo
1937 511 2038 542 esse
2057 494 2190 558 quod
2212 511 2395 560 sapere,

262 579 383 625 sicut
413 593 513 622 non
551 585 646 621 tres
671 574 913 632 essentias,
939 572 1005 619 ita
1036 588 1125 619 nec
1151 581 1245 619 tres
1269 572 1523 637 sapientias
1552 572 1773 621 dicimus.
1803 575 1879 621 Sic
1912 575 2042 621 enim
2064 575 2177 638 quia
2205 574 2301 621 hoc
2332 574 2399 621 illi

261 668 330 704 est
359 660 515 703 Deum
539 672 638 703 esse
661 654 794 719 quod
812 663 879 700 est
902 669 1030 712 esse,
1065 662 1163 700 tam
1183 662 1278 699 tres
1297 653 1524 700 essentias
1547 669 1692 717 quam
1716 663 1810 702 tres
1831 657 1958 701 Deos
1983 654 2076 701 dici
2100 655 2167 701 fas
2190 671 2287 701 non
2309 665 2394 701 est.

260 739 307 783 Si
347 746 507 784 autem
545 735 675 783 aliud
707 744 776 781 est
811 737 914 781 Deo
950 750 1069 790 esse,
1107 722 1535 792 aliud'subsisterffi
1566 733 1689 780 sicut
1719 734 1849 781 aliud
1881 745 1949 782 est
1986 738 2085 782 Deo
2115 752 2235 795 esse,
2269 735 2400 782 aliud

263 821 448 864 Patrem
480 833 580 864 esse
606 816 679 862 vel
708 815 974 861 Dominum
998 830 1126 872 esse;
1166 813 1299 877 quod
1327 813 1454 860 enim
1481 822 1570 874 est,
1597 814 1658 861 ad
1687 831 1736 861 se
1770 814 1958 875 dicitur,
1987 819 2123 863 Pater
2153 825 2311 864 autem
2337 816 2400 863 ad

260 897 448 954 Filium,
470 907 515 943 et
535 896 771 942 Domitius
795 894 856 941 ad
878 894 1162 940 servientem
1183 903 1449 941 creaturam
1468 893 1667 940 dicitur:
1690 894 1882 942 relative
1901 912 2014 959 ergo
2033 895 2262 957 subsistit,
2278 896 2400 942 sicut

262 978 453 1025 relative
477 978 642 1041 gignit,
665 987 711 1023 et
736 975 928 1022 relative
945 974 1237 1021 dominatur.
1261 977 1328 1021 Ita
1347 975 1446 1038 jam
1470 974 1730 1023 substantia
1750 993 1849 1023 non
1875 977 1963 1024 erit
1985 976 2263 1035 substantia,
2286 977 2401 1040 quia

262 1058 510 1105 relativum
533 1058 636 1105 erit.
663 1057 793 1103 Sicut
813 1056 941 1103 enim
965 1054 1024 1102 ab
1047 1071 1105 1101 eo
1126 1053 1261 1119 quod
1279 1064 1346 1101 est
1360 1070 1460 1101 esse
1481 1054 1747 1119 appellatur
1769 1058 1989 1118 essentia,
2016 1058 2080 1104 ita
2100 1057 2161 1104 ab
2185 1073 2244 1103 eo
2267 1057 2400 1121 quod

260 1149 330 1185 est
363 1138 616 1185 subsistere
646 1136 959 1184 substantiam
990 1135 1210 1182 dicimus.
1253 1133 1518 1181 Absurdum
1550 1144 1619 1181 est
1647 1145 1806 1182 autem
1835 1147 1885 1183 ut
1918 1136 2183 1184 substantia
2209 1136 2401 1185 relative

258 1218 460 1265 dicatur.
501 1218 670 1264 Omnis
703 1217 832 1264 enim
869 1233 942 1263 res
973 1215 1033 1262 ad
1067 1216 1271 1280 seipsam
1302 1213 1539 1274 subsistit3
1572 1225 1753 1279 quanto
1786 1218 1934 1280 magis
1969 1221 2123 1276 Deus,
2165 1218 2204 1265 si
2239 1226 2399 1265 tamen

257 1299 458 1361 dignum
491 1308 561 1344 est
594 1307 644 1344 ut
675 1300 804 1343 Deus
829 1296 1014 1343 dicatur
1037 1292 1330 1342 subsistere?
1363 1297 1434 1341 De
1456 1295 1532 1342 his
1556 1296 1684 1342 enim
1715 1296 1858 1344 rebus
1880 1308 2008 1346 recte
2030 1298 2322 1362 intelligitur,
2349 1298 2399 1344 in

260 1378 434 1443 quibus
458 1378 681 1442 subjectis
715 1386 824 1424 sunt
848 1392 904 1423 ea
934 1393 1040 1439 quae
1073 1376 1121 1422 in
1147 1375 1308 1439 aliquo
1338 1392 1439 1422 esse
1474 1374 1688 1440 subjecto
1712 1394 1812 1425 esse
1835 1378 2080 1438 dicuntur,
2118 1379 2239 1425 sicut
2265 1377 2402 1425 color

257 1462 303 1507 in
347 1477 620 1525 corpore.»
662 1462 779 1506 ltem
809 1477 818 1504 ε
854 1477 875 1502 «
904 1460 992 1504 Res
1032 1474 1145 1521 ergo
1182 1455 1435 1503 mutabiles
1472 1474 1631 1521 neque
1674 1458 1912 1524 simplices
1947 1459 2142 1525 proprie
2177 1459 2404 1506 dicuntur

258 1541 550 1588 substantiae.
580 1562 601 1584 ε(
630 1544 745 1587 Item
776 1558 785 1586 ;
819 1540 997 1585 «Nefas
1019 1547 1087 1585 cst
1105 1547 1265 1584 autem
1297 1537 1458 1585 dicere
1484 1548 1533 1585 ut
1557 1537 1781 1586 subsistat·
1797 1549 1844 1586 et
1869 1539 2019 1586 subsit
2043 1542 2172 1586 Deus
2195 1539 2401 1586 bonitati

258 1638 370 1682 suae,
397 1631 539 1685 atque
576 1620 655 1666 illa
683 1619 875 1666 bonitas
899 1635 998 1665 non
1030 1617 1291 1665 substantia
1320 1619 1395 1676 sit,
1423 1619 1498 1665 vel
1530 1620 1689 1683 potius
1717 1620 1938 1680 essentia,
1967 1636 2124 1684 neque
2150 1620 2252 1684 ipse
2273 1622 2402 1666 Deus

257 1702 315 1747 sit
342 1701 536 1748 bonitas
555 1717 658 1759 sua,
686 1699 770 1747 sed
794 1700 842 1745 in
864 1698 946 1744 illo
971 1700 1030 1744 sit
1059 1708 1290 1762 tanquam
1315 1698 1363 1744 in
1389 1697 1622 1762 subjecto.
1661 1699 1800 1747 Unde
1830 1699 2134 1747 manifestum
2157 1710 2224 1747 est
2247 1702 2403 1746 Deum

258 1781 452 1828 abusive
490 1780 807 1827 substantiam
841 1779 1029 1836 vocari,
1071 1788 1122 1824 ut
1162 1778 1359 1824 nomine
1397 1778 1644 1824 usitatiore
1676 1779 1964 1842 intelligatur
1997 1780 2225 1841 essentia,
2271 1778 2404 1842 quod

257 1879 368 1909 vere
394 1878 450 1909 ac
472 1861 668 1927 proprie
692 1860 884 1918 dicitur,
913 1859 975 1904 ita
1000 1867 1050 1904 ut
1075 1858 1273 1905 fortasse
1295 1861 1452 1905 Deum
1472 1859 1629 1905 solum
1656 1858 1751 1905 dici
1774 1869 1995 1924 oporteat
2018 1861 2290 1906 essentiam.
2325 1862 2405 1905 Est

259 1944 389 1990 enim
428 1959 537 1990 vere
572 1941 732 2000 solus,
768 1940 883 2004 quia
919 1938 1324 1985 incommutabilis
1358 1948 1453 2000 est,
1491 1939 1638 2004 idque
1673 1956 1852 1986 nomen
1888 1957 2029 1986 suum
2059 1941 2212 2004 Moysi
2247 1956 2404 1986 enun-

259 2024 407 2085 tiavit,
437 2039 549 2069 cum
569 2022 654 2069 ait¹
681 2040 691 2067 ε
724 2023 862 2084 «Ego
881 2036 989 2066 sum
1011 2018 1095 2083 qui
1119 2035 1244 2079 sum;
1272 2029 1318 2065 et
1339 2018 1469 2066 dices
1494 2018 1557 2066 ad
1581 2035 1664 2066 eos
1685 2037 1695 2065 ε
1724 2021 1819 2077 Qui
1839 2030 1908 2067 est
1931 2020 2058 2066 misit
2076 2037 2154 2066 me
2176 2020 2238 2067 ad
2265 2036 2401 2066 vos.»

258 2104 351 2151 Sed
387 2114 546 2150 tamen
581 2102 680 2148 sive
715 2100 918 2148 essentia
956 2099 1142 2146 dicatur
1175 2098 1309 2161 quod
1344 2099 1540 2164 proprie
1576 2099 1767 2161 dicitur,
1803 2100 1902 2147 sive
1939 2100 2232 2160 substantia,
2273 2098 2406 2163 quod

260 2185 472 2244 abusive,
506 2192 766 2246 utrumque
789 2180 850 2227 ad
871 2198 920 2228 se
945 2179 1120 2226 dicitur
1142 2196 1243 2225 non
1269 2178 1482 2226 relative.
1510 2179 1649 2226 Unde
1672 2179 1767 2226 hoc
1790 2190 1860 2226 est
1881 2183 1985 2228 Deo
2011 2196 2114 2227 esse
2137 2179 2269 2244 quod
2292 2178 2405 2225 sub·

259 2266 444 2323 sistere;
481 2272 526 2309 et
554 2262 663 2308 ideo
693 2262 731 2308 si
762 2277 858 2308 una
888 2259 1090 2306 essentia
1118 2259 1338 2320 Trinitas,
1368 2275 1462 2305 una
1492 2259 1635 2306 etiam
1667 2259 1975 2307 substantia‘*.
1999 2279 2022 2303 n
2059 2262 2125 2306 Ex
2150 2259 2226 2306 his
2244 2259 2404 2322 itaque

258 2344 495 2409 liquidum
520 2352 606 2403 est,
635 2358 722 2388 nec
747 2341 889 2388 etiam
905 2340 1040 2403 juxta
1069 2340 1388 2402 Augustinum
1409 2342 1564 2386 Deum
1590 2340 1786 2404 proprie
1810 2340 1904 2387 dici
1927 2340 2258 2399 substantiam,
2287 2339 2408 2386 sicut

259 2442 348 2472 nec
376 2424 509 2488 juxta
546 2421 861 2487 philosophos
903 2420 1000 2466 ullo
1039 2419 1205 2480 modo,
1244 2435 1356 2465 cum
1388 2419 1608 2465 videlicet
1643 2419 1825 2483 aliquid
1859 2420 1908 2466 in
1945 2437 2003 2467 eo
2040 2437 2140 2468 non
2175 2421 2234 2467 sit
2267 2428 2321 2466 ut
2357 2420 2406 2465 in

260 2505 491 2569 subjecto,
528 2502 624 2549 hoc
658 2512 729 2548 est
759 2511 812 2547 ut
843 2499 1082 2558 accidens,
1118 2498 1239 2545 sicut
1272 2514 1416 2563 supra
1451 2499 1562 2545 satis
1591 2498 1918 2546 disseruimus.
1946 2503 2067 2545 Cum
2104 2500 2245 2562 igitur
2279 2502 2408 2545 Deus

260 2604 349 2634 nec
376 2586 510 2649 juxta
543 2583 856 2646 Augustinum
886 2580 1082 2645 proprie
1108 2579 1295 2625 dicatur
1329 2578 1614 2640 substantia,
1652 2596 1740 2626 nec
1775 2580 1874 2626 ullo
1911 2579 2059 2626 modo
2085 2580 2219 2642 juxta
2249 2579 2406 2644 philo-

262 2667 460 2732 sophos,
495 2666 585 2729 qui·
609 2674 771 2710 tamen
803 2678 1000 2709 omnem
1033 2676 1132 2706 rem
1160 2669 1241 2706 aut
1270 2659 1546 2706 substantiae
1570 2669 1650 2706 aut
1671 2660 1811 2707 alicui
1836 2660 2039 2707 aliorum
2070 2659 2409 2724 praedicamen-

262 2758 421 2794 torum
471 2746 714 2810 applicant
751 2762 761 2790 ;
801 2750 931 2807 patet
967 2740 1182 2806 profecto
1228 2757 1254 2786 a
1290 2749 1489 2787 tractatu
1528 2740 1953 2804 Peripateticorum
2001 2738 2131 2787 illam
2169 2756 2407 2787 summam

322 2896 332 2912 ⁸
359 2886 407 2925 In
442 2882 548 2924 illud
579 2880 688 2923 Job²
721 2896 730 2922 z
763 2900 779 2917 «
800 2880 894 2939 Ipse
927 2878 1043 2921 enim
1070 2877 1184 2919 solus
1215 2888 1299 2932 est,
1334 2888 1377 2919 et
1409 2893 1539 2920 nemo
1567 2888 1757 2921 avertere
1789 2888 1932 2937 potest
1954 2878 2234 2936 cogitationes
2264 2878 2368 2933 ejus.
2386 2898 2401 2914 2·

266 2950 494 3007 Gregorius
511 2964 520 2989 :
547 2969 563 2983 u
583 2946 714 2988 Aliud
737 2956 799 2988 est
822 2960 927 2998 esse,
954 2943 1070 2985 aliud
1088 2943 1379 3002 principaliter
1402 2958 1507 2996 esse,
1528 2943 1646 2985 aliud
1669 2943 1929 2985 mutabiliter
1943 2959 2047 2997 esse,
2066 2942 2181 2985 aliud
2202 2943 2406 2984 immuta-

266 3013 406 3054 biliter
429 3029 531 3055 esse.
558 3013 664 3054 Sunt
684 3012 800 3053 enim
821 3011 914 3052 haec
936 3009 1097 3062 omnia,
1124 3008 1197 3050 sed
1221 3009 1510 3066 principaliter
1531 3024 1620 3050 non
1640 3020 1737 3050 sunt
1764 3024 1773 3050 :
1794 3009 1893 3066 quia
1916 3009 1961 3050 in
1978 3008 2210 3067 semetipsis
2231 3007 2407 3048 minime

269 3078 514 3131 subsistunt,
541 3088 584 3119 et
604 3077 683 3118 nisi
702 3071 977 3135 gubernantis
1000 3090 1132 3115 manu
1154 3084 1398 3126 teneantur,
1425 3089 1514 3116 esse
1537 3089 1808 3133 nequaquam
1829 3083 2023 3132 possunt.
2049 3073 2175 3115 Unde
2198 3073 2327 3114 etiam
2352 3072 2407 3113 ad

267 3144 447 3201 Moysen
485 3140 659 3184 dicitur³
691 3156 699 3182 :
729 3141 848 3198 «Ego
871 3155 964 3180 sum
989 3139 1060 3196 qui
1083 3154 1194 3180 sum.
1223 3138 1292 3180 Sic
1315 3138 1428 3180 dices
1451 3139 1546 3180 filiis
1578 3138 1722 3192 Israel,
1748 3139 1852 3194 Quis
1875 3149 1937 3180 est
1957 3139 2069 3179 misit
2098 3153 2166 3179 me
2194 3137 2249 3179 ad
2270 3152 2360 3179 vos,
2386 3157 2401 3174 υ

312 3329 321 3348 ‚¹
343 3325 462 3364 Eoeod.,
479 3333 550 3363 cap.
572 3332 623 3363 ιιι,
643 3331 672 3353 v.
695 3323 743 3354 14.
767 3339 799 3343 —
814 3322 825 3339 ²
839 3318 928 3358 lob,
946 3329 1018 3359 cap.
1038 3328 1130 3358 xxm,
1147 3329 1176 3352 v.
1201 3322 1246 3353 13.
1266 3337 1306 3343 ·-
1322 3321 1333 3340 ³
1349 3321 1453 3352 Eoeod.
1468 3345 1475 3362 ,
1493 3329 1565 3360 cap.
1584 3329 1632 3360 111,
1650 3330 1678 3352 ν.
1700 3322 1749 3352 14.
