2638 3866
849 267 1188 317 TRACTATUS
1220 269 1299 317 DE
1334 269 1791 319 INTELLECTlBUS.
2303 271 2398 319 737

261 363 487 426 mortale,
525 365 896 431 circumscriptis
928 368 1106 416 scilicet
1137 369 1365 418 omnibus
1387 369 1491 418 aliis
1510 387 1615 436 quae
1640 370 1702 419 ad
1741 370 2054 419 substantiam
2093 370 2402 420 humanitatis

259 461 358 493 non
394 446 618 503 attinent,
656 445 872 511 profecto
905 448 1054 496 multa
1088 466 1138 496 se
1170 466 1257 515 per
1289 451 1682 515 imaginationem
1716 450 1901 499 nolenti
1935 452 2099 500 animo
2134 450 2398 515 objiciunt,

262 543 369 592 quae
405 526 607 573 omnino
641 525 703 573 ab
733 526 1000 575 intentione
1034 527 1313 593 abjecimuS,
1337 537 1504 597 utpote
1541 531 1677 579 color
1707 531 1878 597 aliquis
1908 533 2006 579 sive
2039 532 2290 596 longitudo
2322 542 2404 580 aut

261 605 594 654 membrorum
618 622 932 672 quaecumque
955 607 1205 674 dispositio
1230 619 1278 657 et
1308 610 1546 677 pleraeque
1577 610 1893 659 accidentales
1927 611 2089 659 formae
2119 629 2399 678 corporum,

259 703 380 752 quas
413 686 693 752 frequenter
724 687 943 736 sensibus
976 690 1158 755 experti
1192 707 1384 754 sumus;
1418 691 1540 740 adeo
1570 691 1766 757 quidem
1798 700 1875 753 ut,
1905 691 2035 757 quod
2067 692 2282 740 mirabile
2312 702 2398 752 est,

261 765 380 814 dum
419 766 600 833 aliquid
648 778 879 832 tanquam
915 769 1286 836 incorporeum¹
1316 789 1403 837 per
1442 772 1734 820 intellectum
1772 772 1999 825 attendo,
2045 789 2273 820 sensuum
2313 790 2400 822 usu

264 855 497 911 tanquam
523 864 811 914 corporeum
835 849 1085 913 imaginari
1107 867 1272 916 cogor,
1298 852 1373 899 vel
1398 851 1514 900 dum
1539 852 1721 918 aliquid
1752 862 1981 917 tanquam
2009 868 2108 900 non
2135 852 2403 901 coloratum

260 926 494 991 intelligo,
523 928 803 976 necessitate
824 930 1187 979 consuetudinis
1210 948 1375 979 sensus
1404 942 1634 998 tanquam
1658 932 1926 980 coloratum
1952 932 2203 996 imaginor.
2229 935 2404 981 Sensus

262 1007 442 1073 quippe
478 1008 526 1055 in
562 1007 704 1056 nobis
739 1009 951 1074 primum
988 1011 1252 1060 excitantur
1290 1022 1337 1061 et
1372 1013 1644 1078 frequentes
1678 1022 1814 1075 sunt;
1853 1012 2028 1060 deinde
2060 1012 2123 1060 ad
2164 1013 2402 1078 imagina-

264 1087 464 1150 tionem,
503 1089 702 1137 tandem
733 1089 796 1138 ad
830 1090 1124 1141 intellectum
1158 1092 1403 1141 humanus
1436 1094 1583 1158 surgit
1617 1094 1821 1141 animuS.
1864 1093 2010 1151 Quod
2043 1110 2158 1142 vero
2193 1094 2402 1159 primum

263 1166 519 1217 didicimus
541 1169 726 1219 firmius
746 1171 1034 1234 retinemus3
1061 1172 1158 1221 hoc
1180 1173 1331 1222 modo
1357 1184 1426 1222 est
1449 1174 1567 1222 illud
1591 1174 1905 1222 Horatianum
1932 1192 1943 1221 ε

740 1300 839 1355 Quo
861 1300 992 1344 semel
1008 1311 1072 1344 est
1086 1301 1250 1345 imbuta
1274 1318 1422 1346 recens
1443 1302 1628 1345 servabit
1643 1302 1822 1346 odorem

737 1366 862 1409 Testa
885 1367 959 1410 diu
976 1365 1012 1410 ².

333 1496 466 1545 Adeo
491 1506 671 1558 autem,
705 1508 758 1545 ut
785 1515 931 1564 supra
963 1500 1300 1561 meminimus,
1331 1516 1498 1547 sensus
1533 1499 1834 1548 consuetudo
1863 1498 2134 1547 adnectitur
2166 1497 2324 1560 nobis,
2355 1509 2406 1546 ut

272 1577 347 1625 vix
375 1588 456 1626 aut
486 1595 737 1644 nunquam
767 1579 949 1645 aliquid
982 1579 1244 1645 intelligere
1279 1580 1536 1639 valeamus,
1564 1580 1698 1645 quod
1727 1596 1828 1627 non
1855 1590 2087 1644 tanquam
2118 1595 2406 1645 corporeum

266 1667 313 1704 et
330 1659 576 1724 corporeis
597 1659 970 1725 proprietatibus
983 1660 1254 1726 subjectum
1272 1662 1607 1726 imaginemur.
1626 1660 1741 1708 Ideo
1765 1670 1926 1708 autem
1948 1659 2130 1707 dictum
2152 1669 2222 1707 est
2240 1662 2366 1719 «vix,
2382 1678 2405 1703 υ

265 1738 377 1803 quia
413 1738 650 1799 fortassis,
681 1740 818 1804 juxta
852 1741 1147 1803 Boethium⁸,
1185 1741 1499 1805 intelligentia
1533 1756 1680 1806 quam
1714 1756 1982 1806 paucorum
2019 1739 2285 1788 admodum
2318 1739 2409 1786 ho-

265 1819 453 1867 minum
486 1830 533 1867 et
562 1821 709 1868 solius
740 1821 829 1868 Dei
854 1838 956 1869 esse
986 1822 1127 1884 dicit,
1156 1838 1354 1869 omnem
1380 1831 1428 1869 et
1450 1838 1644 1870 sensum
1668 1831 1715 1869 et
1746 1821 2139 1887 imaginationem
2166 1820 2231 1867 ita
2265 1829 2411 1866 trans·

266 1897 457 1958 cendit,
502 1907 556 1944 ut
595 1898 698 1945 sine
732 1907 941 1962 utroque
976 1898 1230 1961 habeatur,
1270 1908 1323 1946 ut
1360 1898 1582 1947 videlicet
1617 1897 1736 1946 nihil
1773 1899 1937 1946 animo
1972 1906 2190 1945 occurrat
2231 1896 2321 1943 nisi
2361 1895 2410 1942 id

265 1977 424 2025 solum
461 1977 595 2043 quod
631 1978 926 2044 intelligitur,
961 1990 1107 2045 atque
1147 1979 1427 2027 attenditur.
1471 1982 1553 2026 Est
1585 1979 1746 2043 itaque
1781 1978 2092 2042 intelligentia
2134 1975 2410 2040 hujusmodi

272 2058 544 2106 intellectus
579 2076 725 2124 quem
764 2061 895 2108 nulla
930 2061 1130 2108 confusa
1163 2060 1409 2126 perceptio
1458 2060 1627 2107 animae
1661 2060 1933 2120 comitatur,
1981 2059 2078 2106 sive
2120 2073 2208 2122 per
2243 2057 2411 2120 imagi-

270 2139 518 2187 nationem
547 2140 644 2187 sive
679 2156 767 2205 per
796 2157 1008 2188 sensum.
1053 2144 1157 2188 Deo
1191 2149 1353 2188 autem
1385 2139 1569 2187 clarum
1603 2148 1673 2186 est
1711 2155 1800 2187 nec
1829 2155 2022 2186 sensum
2057 2153 2146 2184 nec
2182 2136 2410 2200 imagina-

269 2219 453 2267 tionem
475 2221 629 2268 inesse
652 2237 817 2286 posse,
843 2238 952 2268 cum
978 2221 1037 2268 sit
1065 2230 1325 2286 utrumque
1348 2220 1550 2268 confusa
1571 2221 1742 2268 animae
1763 2219 2030 2286 perceptio,
2065 2217 2148 2266 sed
2173 2226 2409 2282 perpetuo

269 2317 382 2348 eum
414 2310 588 2348 cuncta
620 2301 864 2348 intellectu
895 2302 1173 2363 continere,
1205 2318 1346 2361 cum,
1377 2302 1415 2348 si
1450 2301 1724 2365 diligentius
1754 2299 2139 2359 consideremus,
2177 2298 2306 2345 idem
2340 2307 2409 2344 est

270 2376 534 2446 intelligere
566 2380 701 2446 quod
722 2382 860 2429 scire.
886 2381 1031 2440 Quod
1064 2398 1178 2430 vero
1210 2381 1438 2429 Boethius
1471 2381 1588 2429 dicit
1622 2380 1985 2445 intelligentiam
2013 2378 2410 2444 paucissimorum

267 2461 524 2509 hominum
550 2478 683 2522 esse,
710 2478 1017 2527 nequaquam
1041 2462 1177 2527 juxta
1200 2461 1501 2510 Aristotelem
1525 2462 1572 2509 in
1595 2461 1686 2509 hac
1715 2462 1812 2509 vita
1833 2461 2110 2524 contingere
2143 2457 2407 2516 credimus;

269 2543 360 2591 nisi
394 2543 518 2590 forte
550 2559 637 2608 per
669 2558 914 2591 excessum
947 2543 1365 2609 contemplationis
1394 2542 1621 2590 revelatio
1652 2541 1818 2590 divina
1850 2541 1991 2589 alicui
2024 2539 2129 2598 fiat3
2166 2538 2410 2602 magisque

268 2622 402 2671 hunc
424 2640 674 2671 excessum
698 2624 874 2672 mentis
905 2624 968 2672 ab
996 2623 1271 2672 Aristotele*
1290 2624 1540 2672 scientiam
1564 2639 1710 2687 quam
1732 2621 2028 2669 intellectum
2051 2618 2281 2685 appellari
2306 2634 2411 2665 cre-

269 2703 456 2765 dimuS,
483 2720 573 2751 nec
595 2720 709 2751 eum
731 2703 934 2752 humani
963 2705 1112 2752 animi
1145 2703 1408 2751 dicendum
1432 2703 1517 2752 sed
1541 2703 1708 2760 divini,
1736 2718 1847 2748 cum
1867 2701 1968 2765 jam
1989 2716 2018 2748 a
2042 2703 2144 2747 Deo
2168 2706 2411 2764 assumpta

269 2785 432 2832 anima
464 2784 625 2849 ipsum
657 2784 873 2848 quodam
907 2784 1058 2832 modo
1093 2783 1267 2846 induit,
1302 2793 1350 2831 et
1379 2783 1632 2832 deficiente
1666 2791 1714 2830 et
1746 2781 1962 2847 quodam
1996 2779 2145 2828 modo
2183 2780 2232 2827 in
2268 2777 2410 2827 nobis

269 2864 507 2911 moriente
540 2863 766 2926 homine,
802 2865 1055 2911 suscitatur
1086 2866 1231 2911 DeuS.
1271 2865 1489 2930 Opponit
1526 2863 1738 2911 fortassis
1767 2861 1939 2927 aliquis
1971 2860 2199 2908 adversus
2229 2858 2411 2906 Aristo-

270 2944 430 3004 telem,
453 2944 590 3009 quod
613 2961 724 2991 cum
749 2960 914 2992 sensus
934 2953 981 2991 et
1002 2944 1269 2991 intellectus
1286 2944 1428 2992 simul
1450 2953 1581 3005 sunt,
1601 2942 1807 2991 habetur
1824 2940 2093 2989 intellectus
2113 2941 2216 2987 sine
2239 2939 2411 3002 imagi-

269 3025 482 3073 natione.
520 3024 589 3072 Ad
620 3024 756 3090 quod
788 3024 1137 3090 respondemus
1167 3041 1268 3072 non
1306 3024 1371 3072 ita
1405 3041 1524 3072 esse.
1560 3026 1682 3072 Cum
1717 3023 1848 3071 enim
1882 3023 2066 3086 lignum
2100 3020 2235 3085 quod
2271 3019 2411 3067 video

267 3105 501 3170 intelligo,
536 3104 763 3153 duritiam
796 3114 958 3153 tamen
992 3105 1094 3170 ejus
1121 3104 1197 3152 vel
1234 3103 1364 3152 aliud
1396 3104 1531 3169 quod
1552 3105 1680 3151 visus
1709 3120 1810 3165 non
1843 3102 2047 3168 percipit
2077 3101 2331 3166 imaginor,
2365 3107 2412 3145 et

270 3187 334 3234 ita
357 3186 539 3251 absque
563 3185 986 3250 imaginationibus
1019 3195 1212 3234 nostros
1239 3185 1507 3234 intellectus
1542 3202 1645 3233 non
1677 3201 1780 3233 esse
1811 3183 1935 3232 bene
1966 3181 2083 3230 dicit
2118 3180 2405 3229 Aristoteles,

319 3372 326 3390 ¹
347 3368 429 3404 Cod.
446 3378 655 3413 corporeum.
676 3386 714 3394 —
729 3371 741 3390 ²
758 3368 861 3411 Epist.
879 3378 907 3412 t,
924 3377 965 3412 u,
984 3378 1015 3403 v.
1033 3370 1085 3403 69.
1104 3387 1145 3394 -
1165 3370 1177 3390 ³
1194 3368 1308 3403 Boeth-
1327 3369 1361 3402 in
1379 3369 1455 3402 libr.
1475 3368 1515 3401 de
1531 3369 1727 3410 Interpret„
1747 3376 1781 3408 p.
1798 3368 1872 3401 296.
1889 3383 1928 3390 —
1947 3367 1958 3387 ⁴
1971 3364 2052 3399 God.
2067 3362 2254 3398 Aristotile.

434 3444 463 3468 11
2198 3425 2248 3461 93
