2638 3866
251 303 346 350 [140
1041 299 1213 346 PETRI
1248 297 1562 345 ABAELARDI

250 420 326 450 me
366 399 706 450 accersendum
748 400 960 464 putavit,
1002 416 1101 446 non
1145 398 1291 446 habet
1331 416 1444 463 ergo
1493 399 1690 463 gratiam
1740 414 1886 463 quam
1928 397 2244 446 desideravit?
2283 416 2382 446 non

249 485 393 531 habet
432 498 576 545 quam
616 481 872 545 poposcit?
908 482 961 525 Et
1002 480 1114 544 quia
1153 481 1402 545 poposcit,
1443 480 1641 545 accepit.
1686 482 1743 526 Et
1777 479 1861 526 ubi
1899 478 2015 525 illud
2057 488 2143 539 est,
2191 479 2383 542 «justus

254 586 274 606 «
302 577 605 627 quacumque
632 571 787 608 morte
811 568 1076 625 praeventus
1103 560 1260 620 fuerit,
1288 561 1449 607 anima
1474 561 1573 623 ejus
1596 560 1645 607 in
1673 560 1837 624 requie
1862 559 1981 606 erit?
2003 579 2026 602 2>
2055 558 2197 606 Solve
2222 559 2381 622 igitur,

247 652 382 708 pater
405 651 567 688 sancte
585 680 596 702 ,
625 658 801 688 munus
824 657 963 688 servo
993 650 1138 687 tuo.»
1165 643 1282 687 Item
1311 659 1320 686 :
1353 660 1375 685 «
1405 643 1510 687 Non
1538 639 1780 687 metuebat
1805 638 2083 686 bominibus
2105 638 2380 704 displicere,

249 733 300 769 ut
320 722 407 769 tibi
432 722 517 769 soli
543 721 752 787 placeret
775 722 822 767 in
849 720 1065 779 Christ03
1090 721 1173 785 qui
1195 720 1365 768 habuit
1390 722 1608 785 spiritum
1626 731 1780 780 tuum,
1807 719 2059 784 quomodo
2079 736 2178 766 non
2203 719 2385 784 accepit

248 804 447 867 gratiam
474 802 636 850 tuam?
652 805 743 848 Aut
766 802 822 860 si,
850 801 962 865 quia
986 801 1262 848 solemniter
1285 818 1385 848 non
1410 810 1522 848 sunt
1544 800 1780 848 celebrata
1805 801 2046 865 mysteria,
2074 799 2171 847 hoc
2196 798 2383 847 movet?

251 888 373 948 Ergo
399 900 485 930 nec
510 893 759 947 martyreS,
786 883 825 929 si
851 881 1185 929 catechumeni
1210 882 1402 943 fuerint,
1431 883 1754 928 coronantur?
1779 880 1925 939 Quod
1948 881 1987 928 si
2010 897 2097 928 suo
2121 880 2385 927 abluuntur

247 965 498 1028 sanguine,
526 973 571 1010 et
596 963 727 1010 hunc
750 972 829 1009 tua
859 963 1009 1028 pietas
1033 961 1200 1022 abluit,
1224 972 1271 1010 et
1288 962 1569 1009 voluntas.»
1602 965 1719 1009 Item
1741 981 1751 1008 :
1779 983 1798 1005 α
1825 965 1880 1008 Et
1911 961 2025 1008 huic
2049 960 2208 1008 adhuc
2237 961 2384 1007 inter-

248 1046 514 1092 cessionem
545 1043 761 1103 addisco,
790 1043 868 1090 cui
899 1044 1338 1091 remunerationem
1361 1058 1623 1108 praesum03
1650 1043 1732 1107 pio
1757 1042 1972 1107 requiem
2002 1041 2102 1105 ejus
2129 1057 2385 1106 poscamus

249 1126 439 1172 affectu.
473 1145 494 1168 n
535 1127 653 1171 Item
684 1142 693 1169 :
740 1143 763 1168 «
790 1123 942 1171 Doleo
969 1124 1017 1170 in
1052 1134 1128 1184 te,
1155 1123 1223 1171 fili
1257 1124 1507 1183 Gratiam,
1542 1122 1685 1170 doleo
1721 1123 1865 1171 etiam
1903 1123 1951 1169 in
1987 1133 2062 1181 te,
2090 1121 2157 1168 fili
2184 1121 2389 1168 Valenti-

248 1206 408 1267 niane,
435 1215 486 1251 tu
523 1221 609 1269 per
646 1222 721 1251 me
759 1204 963 1269 putabas
994 1205 1113 1269 eripi
1152 1214 1197 1251 te
1234 1203 1474 1269 periculis,
1514 1212 1564 1250 tu
1606 1220 1681 1250 me
1720 1219 1820 1250 non
1861 1204 2018 1250 solum
2051 1212 2105 1249 ut
2139 1211 2386 1266 parentem

248 1286 501 1349 diligebas,
542 1284 626 1332 sed
667 1295 720 1332 ut
754 1285 1077 1332 redemtorem
1111 1286 1179 1336 tui
1213 1295 1260 1332 et
1307 1285 1613 1332 liberatorem
1651 1284 1889 1350 sperabas.
1929 1287 1996 1330 Tu
2037 1282 2256 1342 dicebas,
2297 1285 2388 1328 Pu-

248 1377 381 1414 tasne
418 1365 596 1412 videbo
628 1375 814 1430 patrem
852 1365 1052 1413 meum?
1085 1366 1312 1433 Speciosa
1352 1366 1413 1412 de
1450 1383 1526 1412 me
1563 1365 1786 1414 voluntas
1819 1376 1926 1427 tua,
1963 1365 2047 1412 sed
2082 1381 2181 1411 non
2221 1362 2388 1410 efficax

249 1447 540 1511 praesumtio.
578 1448 665 1493 Hei
696 1445 842 1493 mihi!
870 1463 993 1494 vana
1024 1463 1132 1511 spes
1156 1447 1203 1493 in
1237 1446 1449 1494 homine.
1482 1447 1569 1493 Hei
1596 1445 1741 1493 mihi!
1776 1446 1895 1511 quid
1926 1447 2224 1494 voluntatem
2254 1454 2387 1491 tuam

249 1545 348 1575 non
387 1538 498 1575 ante
527 1528 768 1592 cognovi?
804 1528 1037 1589 Domine,
1070 1528 1182 1592 quia
1220 1544 1366 1575 nemo
1406 1527 1552 1576 habet
1577 1526 1711 1592 quod
1747 1527 1825 1574 alii
1868 1527 1974 1592 plus
2004 1526 2206 1582 deferat,
2243 1540 2389 1589 quam

250 1609 384 1673 quod
411 1609 501 1655 sibi
536 1619 686 1674 optat,
714 1625 814 1656 non
842 1626 917 1656 me
944 1609 1006 1656 ab
1029 1608 1119 1655 illis
1149 1625 1340 1674 separes
1374 1618 1482 1674 post
1511 1618 1734 1669 mortem,
1770 1624 1892 1672 quos
1924 1607 1973 1654 in
2009 1606 2100 1654 hac
2128 1607 2224 1653 vita
2248 1605 2391 1652 caris-

251 1690 398 1735 simos
443 1690 583 1736 sensi.
625 1690 850 1746 Domine,
890 1700 1004 1754 peto
1026 1699 1078 1736 ut
1112 1689 1196 1736 ubi
1238 1706 1326 1752 ego
1372 1689 1508 1737 fuero
1546 1700 1591 1737 et
1626 1690 1692 1737 illi
1732 1689 1827 1736 sint
1863 1705 2072 1736 mecum.
2109 1690 2172 1733 Te
2208 1701 2386 1750 quaeso,

250 1786 436 1816 summe
459 1773 606 1830 Deus,
637 1779 690 1816 ut
713 1771 983 1817 carissimos
1013 1771 1214 1832 juvenes
1243 1780 1428 1816 matura
1453 1770 1804 1818 resurrectione
1835 1769 2030 1816 suscites
2053 1778 2099 1815 et
2120 1767 2385 1825 resuscites,

251 1860 297 1896 et
335 1851 384 1896 in
423 1861 663 1898 maturum
688 1850 830 1897 hunc
869 1850 975 1897 vitae
1015 1850 1149 1897 istius
1181 1867 1374 1897 cursum
1412 1861 1602 1897 matura
1635 1849 1995 1897 resuscitatione
2031 1863 2331 1912 compenses.
2362 1864 2386 1890 »

252 1931 397 1989 Quod
450 1932 488 1977 si
529 1931 581 1977 hi
620 1940 730 1996 post
764 1931 997 1995 evangelii
1037 1930 1374 1990 traditionem,
1415 1932 1517 1978 sine
1559 1930 1655 1977 fide
1700 1932 2083 1988 Jsssn-Cnmsm,
2123 1927 2199 1974 vel
2244 1927 2390 1990 gratia

249 2011 492 2077 baptismi,
520 2021 650 2058 tanta
676 2011 804 2076 apud
825 2015 981 2058 Deum
1006 2027 1062 2058 ex
1085 2021 1196 2058 ante
1219 2020 1333 2058 actae
1364 2012 1471 2057 vitae
1495 2011 1674 2057 meritis
1704 2010 2018 2071 obtinuerint,
2047 2008 2165 2072 quid
2196 2007 2256 2054 de
2283 2006 2392 2072 phi-

248 2092 466 2157 losophis
503 2102 614 2139 ante
640 2092 899 2139 adventum
934 2091 1134 2151 Christi,
1166 2101 1263 2138 tam
1299 2090 1392 2137 fide
1427 2107 1573 2155 quam
1599 2091 1698 2138 vita
1728 2089 2023 2148 clarissimis,
2062 2086 2282 2135 diffidere
2313 2103 2394 2134 co·

250 2189 435 2236 gamur,
469 2191 532 2221 116
571 2173 918 2237 indulgentiam
953 2173 1049 2220 sint
1092 2174 1312 2235 assecuti,
1358 2181 1440 2219 aut
1479 2188 1650 2220 eorum
1689 2172 1785 2218 vita
1827 2180 1874 2217 et
1911 2170 2053 2217 unius
2095 2171 2183 2216 Dei
2217 2168 2389 2225 cultuS‚

248 2271 392 2318 quem
442 2255 532 2319 ipsi
567 2264 683 2301 tunc
715 2254 946 2320 temporis
981 2255 1218 2319 praecipue
1257 2252 1561 2312 habuerunt,
1607 2262 1655 2299 et
1693 2250 1947 2299 scribendo
1983 2250 2389 2316 praedicaverunt,

250 2351 422 2397 magna
460 2335 527 2381 eis
550 2351 578 2381 a
599 2338 704 2382 Deo
731 2335 862 2382 dona
885 2344 984 2382 tam
1008 2336 1057 2383 in
1082 2334 1174 2382 hac
1198 2351 1346 2399 quam
1372 2335 1421 2381 in
1459 2335 1617 2380 futura
1648 2333 1743 2380 vita
1765 2348 1864 2379 non
1905 2331 2193 2395 acquisierit,
2220 2340 2268 2377 et
2288 2345 2392 2395 quae

251 2417 516 2462 necessaria
558 2414 698 2461 saluti
740 2425 897 2462 essent
937 2415 1227 2473 ostenderit,
1268 2431 1380 2462 cum
1426 2415 1658 2478 scriptum
1693 2413 1773 2459 sit¹
1822 2430 1833 2459 z
1883 2432 1905 2454 «
1932 2411 2201 2458 Intellectus
2235 2410 2395 2457 bonus

251 2495 478 2542 omnibus
513 2495 798 2542 facientibus
835 2512 964 2557 eum,
987 2517 1008 2539 n
1035 2502 1081 2543 et
1112 2504 1246 2542 tanta
1279 2495 1338 2541 sit
1368 2494 1540 2541 divinae
1578 2493 1725 2557 gratia
1760 2491 2111 2553 misericordiae,
2150 2501 2204 2538 ut
2236 2490 2394 2537 invitis

250 2593 445 2641 quoque
484 2593 570 2623 sua
608 2585 795 2641 praestet
829 2575 1095 2623 beneficia?

316 2657 461 2715 Quod
503 2658 541 2704 si
579 2666 688 2721 post
724 2657 871 2704 vitam
910 2656 1314 2722 philosophorum
1356 2655 1498 2703 nobis
1538 2655 1600 2702 ad
1644 2664 1816 2701 nostrae
1855 2652 2191 2700 confusionem
2227 2651 2393 2716 impu-

254 2737 424 2784 dentiae
456 2753 484 2784 a
518 2737 692 2784 sanctis
722 2737 939 2802 patribus
973 2737 1302 2802 propositam,
1338 2736 1400 2782 de
1431 2751 1602 2783 eorum
1636 2734 1855 2781 doctrina
1886 2732 2122 2780 discutere
2155 2731 2291 2790 libet,
2325 2731 2397 2778 in·

256 2817 518 2880 telligemus
556 2820 655 2864 tam
690 2818 973 2865 testimoniis
1008 2826 1287 2865 sanctorum
1331 2833 1478 2880 quam
1514 2814 1763 2862 manifesta
1796 2813 2012 2874 ratione,
2055 2828 2201 2877 quam
2243 2812 2300 2858 sit
2341 2827 2397 2858 ea

253 2912 446 2960 quoque
482 2898 626 2945 sacris
658 2898 822 2945 litteris
846 2898 1129 2957 necessaria,
1163 2914 1264 2945 non
1294 2897 1452 2944 solum
1485 2897 1534 2942 in
1561 2895 1635 2943 his
1662 2911 1767 2958 quac
1795 2893 1856 2941 ad
1881 2893 2172 2940 documenta
2204 2907 2395 2938 morum

252 2976 473 3034 attinent,
510 2994 590 3024 seu
630 2978 691 3025 ad
730 2994 876 3025 sacrae
907 2978 1021 3025 fidei
1050 2979 1339 3039 testimonia,
1374 2994 1544 3024 verum
1576 2975 1638 3023 ad
1672 2975 1838 3022 omnia
1870 2974 2188 3038 quaestionum
2222 2986 2396 3033 genera

252 3055 519 3102 rationibus
560 3058 885 3119 terminanda,
931 3059 1030 3105 sive
1067 3057 1403 3121 allegoriarum
1438 3072 1635 3121 quoque
1668 3055 1892 3119 mysteria
1927 3052 2242 3112 discutienda,
2278 3067 2396 3114 quas

253 3133 525 3198 frequenter
573 3138 620 3183 in
660 3139 841 3184 naturis
891 3154 1207 3186 numerorum
1247 3138 1604 3201 investigamus.
1654 3135 1794 3182 Unde
1836 3133 1979 3181 nobis
2021 3133 2258 3198 praecipue
2298 3140 2396 3178 tam

253 3212 552 3262 dialecticam
588 3233 733 3280 quam
769 3217 1115 3265 arithmeticam
1150 3218 1319 3265 beatus
1357 3225 1710 3266 commemorat
1741 3214 2046 3277 Augustinus,
2090 3212 2175 3275 qui
2210 3210 2320 3258 ideo
2346 3210 2395 3257 in

300 3398 455 3432 'Psalm.
472 3407 531 3442 cx,
550 3407 583 3432 v.
606 3399 657 3433 10.
