2638 3866
230 220 324 267 508
1038 218 1210 264 PETRI
1246 217 1563 264 ABAELARDI

232 321 307 367 vel
337 338 438 369 esse
462 334 715 386 personam
742 317 804 365 ab
825 318 1038 382 utrisque
1061 317 1424 382 procedentem,
1449 316 1586 381 quod
1607 327 1677 364 est
1699 317 1858 365 dicere
1882 318 2102 366 eamdem
2123 336 2225 368 esse
2247 337 2364 386 pro-

231 402 481 467 prietatem
501 400 748 463 utriusque
772 414 989 464 personae
1013 415 1024 444 z
1052 398 1117 445 ita
1138 397 1364 446 videlicet
1385 408 1441 445 ut
1462 407 1678 463 utraeque
1699 413 1917 463 personae
1939 398 2034 446 sint
2054 399 2223 448 eadem
2245 401 2367 448 diffi-

228 483 412 529 nitione
444 478 757 527 terminandae
792 488 936 543 atque
970 478 1308 544 exprimendae,
1336 478 1466 544 quod
1493 479 1695 526 omnino
1728 478 1900 526 falsum
1922 489 2009 526 est.
2043 481 2233 546 Quippe
2254 497 2366 529 cum

229 562 359 608 idem
392 562 450 607 sit
474 576 681 609 numero
710 569 858 607 status
880 558 1070 607 risibilis
1093 568 1141 606 et
1162 569 1311 607 status
1338 559 1638 624 navigabilis,
1670 569 1813 623 atque
1833 560 2027 624 insuper
2051 559 2112 607 de
2133 578 2370 624 quocum-

229 658 323 704 que
362 640 546 687 dicatur
570 639 748 687 risibile
779 639 966 687 dicatur
999 649 1047 686 et
1075 639 1341 703 navigabile
1368 659 1380 687 :
1409 657 1510 687 non
1541 650 1703 687 tamen
1737 641 1870 687 hunc
1900 650 2074 688 statum
2105 640 2240 688 illum
2267 659 2368 690 esse

230 721 451 780 dicimus,
476 720 573 768 hoc
598 731 668 768 est
698 720 878 768 risibile
902 720 1031 767 idem
1054 737 1156 768 esse
1179 720 1469 768 diffinitione
1493 738 1606 768 cum
1630 720 1904 786 navigabili,
1939 738 2052 768 cum
2080 721 2210 769 aliud
2232 732 2370 771 sonet

226 800 324 848 hoc
354 818 535 848 nomen
572 800 770 861 risibile,
810 801 940 848 aliud
973 802 1070 848 hoc
1103 818 1285 849 nomen
1318 801 1603 865 navigabile,
1637 802 1746 848 licet
1778 801 1947 849 eadem
1979 818 2055 849 res
2086 803 2278 867 penitus
2311 804 2371 850 sit

228 882 420 946 utrique
445 882 633 930 nomini
656 899 744 948 per
766 882 1137 948 appellationem
1160 881 1390 946 subjecta,
1416 882 1518 948 ipse
1536 882 1758 930 videlicet
1778 882 1949 944 hom0,
1975 883 2055 930 cui
2075 892 2174 930 tam
2192 883 2369 931 risibile

229 978 376 1025 quam
406 962 674 1026 navigabile
696 963 948 1028 proprium
981 963 1261 1027 assignatur.
1291 963 1418 1021 Quia
1442 980 1556 1028 ergo
1589 972 1761 1011 statum
1781 962 2008 1010 eumdem
2028 963 2105 1010 vel
2127 963 2369 1011 diversum

228 1059 330 1090 non
358 1043 580 1103 dicimus,
619 1045 711 1092 nisi
743 1044 1010 1092 secundum
1040 1061 1313 1110 expressam
1336 1053 1480 1107 atque
1512 1045 1746 1109 integram
1773 1043 2114 1091 diffinitionem
2143 1054 2226 1092 aut
2257 1061 2371 1110 pro-

228 1124 498 1188 prietatem,
515 1134 723 1190 oportet,
752 1142 865 1172 cum
886 1125 967 1172 hic
992 1134 1140 1172 status
1159 1125 1237 1172 ille
1263 1124 1466 1186 dicatur,
1481 1124 1610 1172 hanc
1631 1142 1733 1172 rem
1756 1142 1867 1172 cum
1889 1124 1969 1172 illa
1992 1124 2162 1171 eadem
2181 1125 2372 1190 penitus

230 1204 505 1269 inexpressa
536 1206 830 1269 proprietate
852 1206 1128 1253 monstrari.
1155 1206 1232 1252 Sic
1257 1214 1303 1252 et
1325 1206 1374 1252 in
1400 1205 1575 1252 divinis
1599 1205 1816 1270 personis
1838 1221 1951 1252 cum
1975 1204 2036 1252 ad
2059 1205 2375 1270 proprietates

229 1300 414 1347 earum,
445 1302 547 1332 non
582 1285 645 1332 ad
669 1303 928 1333 numerum
962 1303 1123 1334 rerum
1155 1296 1259 1333 tota
1284 1294 1464 1350 spectet
1487 1285 1753 1345 diversitas,
1792 1302 1892 1333 non
1929 1294 2088 1350 potest
2122 1285 2223 1334 haec
2258 1302 2372 1333 vere

227 1364 307 1411 illa
335 1365 452 1424 dici,
489 1365 609 1412 dum
637 1366 697 1412 sit
726 1366 888 1431 aliqua
908 1366 1213 1431 proprietatis
1236 1365 1502 1427 diversitas,
1529 1366 1695 1414 etiam¹
1721 1365 1918 1414 diversis
1955 1366 2005 1412 in
2040 1382 2182 1413 sensu
2211 1366 2372 1412 nomi-

228 1444 372 1492 nibus
406 1446 716 1511 exprimatur,
744 1447 866 1494 sicut
895 1456 942 1494 et
967 1447 1017 1493 in
1051 1446 1165 1512 ipsis
1189 1447 1389 1510 contigit
1417 1447 1657 1512 personis.
1696 1445 1842 1494 Aliud
1863 1446 2044 1511 quippe
2075 1455 2216 1494 sonat
2244 1449 2374 1493 Deus

231 1528 391 1587 Pater,
419 1526 551 1574 aliud
584 1537 725 1574 sonat
748 1530 878 1574 Deus
896 1527 1061 1588 Filius,
1087 1527 1215 1574 aliud
1241 1536 1380 1575 sonat
1406 1530 1536 1575 Deus
1567 1527 1770 1593 Spiritus
1799 1536 1993 1575 sanctus
2017 1535 2064 1573 et
2093 1526 2225 1573 aliud
2258 1543 2373 1592 pro·

227 1607 389 1671 prium
408 1606 556 1654 habet
578 1610 709 1655 Deus
734 1611 890 1668 Pater,
927 1609 976 1655 in
1007 1625 1067 1656 eo
1088 1608 1265 1655 scilicet
1289 1608 1421 1672 quod
1447 1618 1642 1673 generat
1669 1611 1830 1656 Deum
1848 1607 2046 1669 Filium;
2081 1607 2214 1654 aliud
2245 1610 2375 1655 Deus

229 1687 390 1747 Filius,
425 1688 474 1735 in
495 1704 554 1735 eo
582 1687 803 1735 videlicet
821 1688 956 1753 quod
979 1688 1040 1736 ab
1073 1705 1132 1736 eo
1156 1698 1427 1752 generatur,
1453 1688 1586 1737 aliud
1616 1690 1745 1736 Deus
1767 1689 1970 1754 Spiritus
1994 1697 2204 1749 sanctus,
2239 1688 2289 1734 in
2315 1703 2373 1735 eo

229 1768 407 1815 scilicet
429 1768 562 1832 quod
585 1768 821 1834 procedit.
842 1770 937 1827 Qui
954 1770 1113 1834 itaque
1133 1769 1248 1816 dicit
1271 1768 1333 1816 de
1359 1772 1482 1830 Deo,
1508 1773 1645 1817 Pater
1673 1780 1744 1817 est
1762 1770 1906 1816 Filius
1921 1771 1953 1831 ²,
1985 1786 2086 1816 non
2109 1768 2375 1834 simplicem

229 1849 612 1897 enuntiationem
640 1849 769 1909 facit,
807 1849 866 1897 ad
902 1849 1201 1898 identitatem
1235 1850 1414 1897 scilicet
1443 1858 1634 1897 tantum
1669 1850 1882 1897 essentiae
1913 1849 2371 1909 demonstrandam,

230 1945 286 1976 ac
317 1930 356 1976 si
381 1929 603 1977 videlicet
630 1930 695 1977 ita
725 1929 937 1978 diceret:
964 1934 1068 1978 Hoc
1091 1930 1226 1995 quod
1251 1940 1321 1978 est
1346 1933 1485 1977 Pater
1519 1939 1591 1977 est
1614 1930 1788 1990 Filius;
1815 1928 1900 1976 sed
1932 1929 2127 1994 insuper
2154 1929 2375 1994 proprie-

229 2019 383 2057 tatum
405 2010 631 2076 exprimit
654 2010 907 2071 unitatem,
941 2027 997 2058 ac
1019 2012 1058 2058 si
1080 2010 1303 2058 videlicet
1338 2010 1483 2071 dicat,
1509 2009 1638 2057 idem
1670 2010 1918 2075 proprium
1946 2026 2046 2057 esse
2075 2008 2220 2074 hujus
2241 2008 2378 2073 quod

230 2099 299 2136 est
330 2090 473 2152 illius,
510 2090 634 2138 sicut
656 2091 695 2138 si
724 2090 904 2138 diceret
936 2090 1070 2138 hunc
1093 2100 1270 2139 statum
1295 2091 1433 2139 illum
1458 2107 1559 2139 esse
1585 2091 1638 2138 in
1659 2089 1736 2138 his
1760 2089 2005 2150 omnibus,
2040 2106 2145 2154 quae
2178 2088 2377 2137 diversis

227 2169 278 2216 in
311 2187 454 2218 sensu
491 2171 772 2219 nominibus
809 2182 920 2220 sunt
954 2172 1298 2239 exprimenda3
1327 2173 1461 2238 quod
1492 2173 1698 2220 omnino
1736 2171 1909 2219 falsum
1947 2180 2036 2233 est,
2068 2170 2287 2235 quamvis
2320 2169 2379 2216 sit

229 2250 399 2298 eadem
436 2253 628 2317 utrique
659 2269 876 2318 personae
907 2254 1127 2302 essentia.
1166 2257 1286 2302 Nam
1323 2264 1371 2301 et
1403 2253 1472 2300 sic
1506 2252 1718 2300 solemus
1751 2252 1940 2314 dicere,
1978 2267 2080 2298 non
2111 2249 2244 2297 idem
2278 2264 2380 2296 esse

228 2331 345 2377 utile
376 2331 510 2396 quod
531 2331 810 2395 honestum,
839 2334 926 2381 etsi
948 2334 998 2381 id
1021 2333 1156 2399 quod
1177 2343 1248 2381 est
1269 2335 1385 2381 utile
1408 2334 1467 2381 sit
1490 2333 1751 2381 honestum
1779 2351 1790 2378 ε
1816 2348 1908 2380 nec
1929 2331 2059 2379 idem
2083 2346 2186 2378 esse
2207 2331 2380 2376 Gram-

230 2413 463 2459 maticum
492 2422 539 2460 et
563 2415 838 2472 Oratorem,
872 2431 985 2461 cum
1017 2414 1198 2462 scilicet
1219 2414 1351 2462 aliud
1375 2415 1436 2462 sit
1462 2415 1718 2480 proprium
1740 2413 1902 2477 hujuS,
1931 2411 2062 2461 aliud
2083 2411 2240 2458 illius:
2267 2410 2381 2474 quia

228 2491 340 2539 licet
371 2492 542 2540 eadem
568 2494 629 2540 sit
650 2494 854 2542 essentia
885 2495 1196 2542 Grammatici
1221 2503 1269 2541 et
1290 2495 1525 2555 Oratoris,
1553 2493 1685 2541 aliud
1708 2503 1869 2541 tamen
1903 2502 1972 2540 est
1996 2509 2098 2539 esse
2121 2493 2380 2538 Gramma-

230 2572 407 2633 ticum,
450 2572 582 2621 aliud
620 2590 721 2622 esse
759 2577 1047 2636 Oratorem3
1088 2584 1135 2622 et
1169 2574 1301 2622 aliud
1341 2591 1442 2622 esse
1481 2574 1614 2621 hunc
1645 2572 2027 2621 Grammaticum
2066 2587 2214 2635 quam
2246 2569 2381 2616 hunc

230 2654 483 2702 Oratorem
500 2692 512 2716 ,
538 2664 586 2702 et
607 2654 740 2702 aliud
762 2672 864 2703 esse
882 2655 1060 2703 risibile
1085 2671 1232 2720 quam
1261 2654 1547 2719 navigabile,
1573 2655 1687 2702 licet
1715 2670 1812 2701 una
1835 2653 2026 2718 penitus
2051 2652 2111 2699 sit
2131 2651 2382 2714 utriusque

231 2730 511 2781 substantia.
552 2735 629 2782 Sic
666 2735 811 2783 etiam
847 2735 959 2783 licet
993 2735 1162 2783 eadem
1196 2736 1255 2783 sit
1294 2736 1447 2783 Patris
1482 2746 1532 2783 et
1567 2735 1669 2782 Filii
1706 2733 1988 2794 substantia,
2031 2731 2273 2779 diversum
2312 2736 2382 2776 est

231 2820 392 2858 tamen
426 2829 528 2860 esse
567 2818 759 2862 Patrem
794 2825 841 2863 et
882 2833 984 2864 esse
1019 2816 1208 2864 Filium.
1246 2816 1388 2864 Unde
1422 2816 1714 2881 Augustinus
1750 2813 1878 2861 libro
1914 2816 1957 2861 V
1994 2811 2053 2859 de
2091 2811 2326 2858 Trim‘tate
2364 2824 2375 2852 ε

237 2909 258 2933 «
282 2893 528 2954 Quamvis,
566 2894 740 2959 inquit,
764 2895 1008 2944 diversum
1046 2897 1105 2944 sit
1126 2900 1315 2945 Patrem
1345 2914 1446 2945 esse
1477 2906 1525 2944 et
1553 2896 1744 2955 Filium,
1770 2911 1872 2942 non
1903 2902 1973 2941 est
2000 2902 2162 2939 tamen
2191 2889 2380 2936 diversa

234 2969 513 3019 substantia.
537 2994 559 3017 >³
594 2974 727 3022 Idem
756 2977 804 3022 in
827 2979 938 3029 V11⁸
961 2996 972 3023 z
1003 2997 1026 3023 «
1045 2977 1183 3025 Aliud
1202 2987 1291 3039 est,
1315 2977 1491 3042 inquit,
1516 2979 1676 3024 Deum
1697 2992 1817 3034 esse,
1851 2972 1982 3022 aliud
2002 2975 2191 3019 Patrem
2214 2983 2331 3016 esse.
2351 2986 2374 3009 υ

234 3048 328 3095 Sed
358 3060 405 3096 et
437 3068 549 3099 cum
583 3055 754 3102 eadem
787 3074 881 3105 vox
914 3058 974 3105 sit
1009 3058 1308 3122 quandoque
1335 3074 1516 3105 nomen
1549 3066 1598 3105 et
1625 3056 1849 3115 verbum,
1879 3054 1954 3101 vel
1981 3052 2130 3100 dictio
2162 3046 2304 3096 simul
2331 3055 2379 3092 et

236 3129 415 3187 oratio;
442 3147 623 3178 nomen
648 3143 810 3183 tamen
834 3154 935 3184 non
958 3154 1061 3186 esse
1082 3138 1291 3186 verbum
1317 3138 1653 3196 concedimus,
1679 3153 1793 3184 cum
1815 3135 1913 3182 hoc
1936 3133 2039 3180 sine
2059 3141 2278 3194 tempore
2299 3125 2377 3187 sit,

229 3336 238 3357 4
280 3318 288 3336 ¹
300 3315 355 3348 Sic
365 3314 445 3348 Cod.
458 3314 672 3349 &immane
682 3326 743 3358 pro
756 3318 860 3351 etiam
870 3322 1027 3361 proponit
1036 3321 1189 3365 etiamsi,
1203 3323 1306 3364 male,
1319 3327 1356 3354 ut
1366 3322 1494 3363 opinor.
1507 3337 1547 3345 —
1555 3322 1565 3340 ²
1573 3319 1629 3354 Sic
1638 3318 1847 3353 cod.'rur.-
1859 3315 1956 3357 ³Cap.
1968 3324 1997 3348 v-
2011 3315 2109 3357 opp„
2120 3318 2146 3345 t.
2156 3311 2242 3346 VIII·
