2638 3866
793 201 1188 251 INTRODUCTIO
1223 203 1304 250 AD
1336 201 1744 250 THEOLOGIAM.
2281 204 2342 250 65

198 315 246 356 et
267 304 557 355 sublimitate
577 305 868 368 Angelorum
887 320 1084 352 exorsus
1102 321 1256 370 usque
1279 303 1342 352 ad
1363 303 1600 352 dracones
1641 314 1687 352 et
1720 315 1963 370 serpentes
1993 314 2138 370 atque
2175 320 2345 353 omnes

197 387 420 453 abyssos,
442 385 628 434 divinas
645 385 858 434 extendit
879 385 1071 448 laudes,
1097 402 1209 433 cum
1233 385 1425 434 dixerit¹
1449 404 1459 433 ε
1485 404 1510 431 «
1538 385 1752 434 Laudate
1787 386 2053 434 Dominum
2088 385 2150 433 de
2188 395 2313 433 terra
2329 425 2341 447 ‚

198 467 433 516 dracones
455 476 502 515 et
523 483 691 515 omnes
709 465 884 531 abyssi.
916 486 936 509 n
963 469 1022 514 Et
1044 467 1217 515 iterum
1243 485 1253 513 ε
1284 486 1307 510 κ
1331 468 1586 532 Serpentes
1613 476 1661 514 et
1686 467 1905 514 volucres
1924 476 2162 532 pennatae.
2201 486 2224 511 υ
2251 470 2347 526 Qui

198 564 287 596 nee
309 548 402 595 alia
423 546 609 613 reptilia
631 547 948 613 praetermittit
973 546 1162 595 dicens²
1189 565 1200 594 z
1230 568 1255 599 ,ιι
1283 547 1573 595 Laudabunt
1595 546 1731 594 illum
1756 547 1854 594 caeli
1883 557 1930 594 et
1954 557 2080 595 terra
2095 585 2107 609 ,
2147 563 2278 595 mare
2301 557 2348 595 et

199 629 363 676 omnia
385 628 573 694 reptilia
601 629 649 675 in
683 629 768 676 eis.
798 647 822 673 n
859 629 1079 692 Legimus
1114 629 1258 677 etiam
1295 629 1346 677 in
1381 629 1481 676 vita
1515 627 1647 676 Pauli
1675 629 1896 675 Hermitae
1937 645 1965 676 a
1998 629 2141 677 beato
2174 630 2350 696 spripta

198 709 520 774 Hieronymo,
545 710 768 774 Satyrum
797 709 941 757 beato
972 710 1250 776 apparuisse
1271 710 1508 768 Antoni0‚
1541 710 1627 774 qui
1658 708 1920 757 adventum
1953 710 2212 758 Salvatoris
2235 727 2352 776 pro-

199 799 403 852 testans,
431 790 497 838 ait
514 800 680 838 sancto
703 791 808 838 viro
835 809 846 837 ε
874 811 898 835 «
926 791 1185 855 Legatione
1207 790 1381 856 fungor
1407 791 1502 838 mei
1529 790 1700 854 gregis,
1727 806 1984 856 precamur
2006 799 2059 837 ut
2087 808 2177 856 pro
2210 791 2351 840 nobis

199 886 511 918 communem
535 873 693 918 Deum
717 870 1012 937 depreceris,
1048 888 1194 937 quem
1225 872 1274 918 in
1314 871 1517 920 salutem
1550 870 1721 918 mundi
1750 871 1867 918 olim
1898 871 2084 919 venisse
2116 874 2352 935 cognovi-

202 967 335 1008 mus,
363 951 479 998 etin
503 951 778 999 universam
811 962 989 1000 terram
1025 953 1138 1000 exiit
1166 969 1316 1000 sonus
1341 953 1462 1016 ejus.
1489 970 1513 997 »
1540 951 1688 1016 Cujus
1719 951 1917 1016 quidem
1950 953 2104 1017 Satyri
2134 952 2355 1000 videlicet

200 1031 552 1079 confessionem
577 1048 632 1080 ac
656 1033 982 1081 testimonium
1015 1033 1076 1081 de
1104 1033 1292 1082 Christo
1328 1033 1572 1098 longaevus
1602 1034 1760 1080 viator
1791 1032 2058 1095 admirans,
2084 1043 2131 1080 et
2170 1034 2356 1097 gavisus

201 1111 337 1176 quod
359 1112 503 1160 etiam
527 1123 746 1161 monstra
765 1114 1008 1162 Christum
1034 1114 1375 1180 praedicarent,
1401 1123 1448 1161 et
1465 1113 1781 1162 vehementer
1802 1113 2078 1177 indignatus
2101 1131 2244 1179 super
2262 1114 2354 1162 du-

202 1193 308 1241 ritia
331 1203 376 1240 et
401 1194 610 1242 caeeitate
645 1194 963 1258 Alexandriae,
1007 1194 1185 1244 baculo
1219 1195 1379 1243 statim
1416 1194 1622 1242 humum
1654 1194 1951 1260 percutiens,
1991 1193 2182 1242 aiebat:
2217 1215 2239 1238 α
2278 1198 2359 1246 Vae

203 1272 314 1332 tibi,
354 1272 665 1334 Alexandria,
690 1292 797 1340 quae
833 1293 924 1342 pro
969 1278 1073 1324 Deo
1108 1285 1336 1342 portenta
1365 1276 1623 1324 veneraris.
1665 1274 1795 1333 Quid
1834 1291 1964 1322 nunc
2002 1274 2178 1322 dicturi
2216 1276 2359 1322 estis?

203 1354 366 1402 Bestiae
389 1354 656 1419 loquuntur
672 1356 933 1405 Christum.
967 1378 990 1403 »
1019 1361 1088 1408 Ac
1110 1359 1150 1405 si
1175 1367 1337 1424 aperte
1363 1357 1537 1405 clamet
1559 1357 1728 1404 dicens
1751 1373 1762 1401 z
1795 1375 1816 1398 «
1842 1358 2072 1403 Conteret
2103 1356 2360 1422 impuden-

202 1434 318 1482 tiam
341 1445 548 1485 vestram
574 1437 743 1485 saltem
764 1439 1004 1487 confessio
1031 1448 1380 1486 monstrorum.
1412 1457 1436 1481 »
1463 1440 1581 1496 Quae
1614 1436 1809 1501 quidem
1838 1436 2077 1484 confessio
2104 1446 2238 1485 tanto
2263 1437 2363 1484 for-

203 1524 325 1563 tasse
349 1516 549 1580 gloriam
573 1518 839 1566 mirabilius
862 1529 1008 1585 atque
1033 1520 1303 1585 potentiam
1329 1518 1418 1566 Dei
1442 1517 1700 1584 praedicat,
1727 1526 1911 1581 quanto
1933 1517 2105 1581 majori
2128 1517 2361 1564 miraculo

204 1605 275 1642 est
294 1595 521 1644 habenda
538 1635 551 1657 ,
578 1608 625 1646 et
649 1608 783 1646 tanto
806 1600 967 1648 verior
988 1601 1091 1664 ejus
1118 1600 1317 1648 assertio
1339 1599 1529 1646 videtur
1546 1634 1558 1658 ,
1590 1606 1776 1662 quanto
1800 1613 1827 1644 a
1850 1596 2071 1644 doctrina
2099 1596 2356 1645 hominum

205 1676 437 1723 remotior
478 1687 573 1737 est,
621 1688 667 1726 et
700 1688 801 1726 tota
844 1681 1138 1743 suggestioni
1176 1679 1328 1727 saneti
1362 1679 1566 1744 Spiritus
1604 1676 1906 1743 imputanda.
1954 1677 2093 1724 Unde
2127 1687 2175 1724 et
2209 1678 2357 1725 verba

207 1755 358 1802 Asinae
374 1756 583 1818 Balaam,
601 1767 648 1805 et
663 1774 807 1806 voces
830 1759 879 1806 in
905 1775 1014 1807 aere
1035 1759 1186 1820 factae,
1212 1760 1335 1807 sieut
1352 1759 1413 1806 de
1428 1758 1671 1824 baptizato
1695 1756 1772 1804 vel
1789 1756 2126 1822 transfigurato
2146 1759 2359 1806 Domino

205 1835 427 1899 legimus,
454 1854 567 1884 cum
588 1837 773 1903 aliquid
795 1839 1066 1888 astantibus
1088 1840 1499 1888 annuntiaverunt
1516 1876 1528 1900 ‚
1568 1847 1703 1886 tanto
1739 1837 1920 1885 facilius
1950 1837 2014 1885 ad
2046 1836 2191 1885 fidem
2220 1839 2357 1886 audi-

205 1925 333 1964 tores
354 1918 754 1981 commovebant,
791 1931 974 1986 quanto
1004 1921 1321 1969 mirabiliores
1345 1919 1575 1968 omnibus
1599 1917 1913 1985 apparebant.
1947 1918 2091 1976 Quod
2112 1918 2173 1966 de
2198 1918 2356 1984 philo-

205 1996 371 2062 sophis
391 2014 590 2064 quoque
616 2010 663 2047 et
686 2000 977 2065 quibusdam
1004 2001 1262 2066 gentilibus
1282 2001 1592 2066 quantumvis
1616 1997 1915 2066 infidelibus,
1940 2015 2023 2046 seu
2047 2009 2222 2047 nostrae
2246 1993 2368 2047 fidei'

206 2076 438 2139 inimicis,
479 2080 735 2129 manifesta
771 2081 974 2130 docetur
1012 2083 1217 2131 ratione.
1246 2085 1358 2141 Quo
1384 2082 1514 2129 enim
1548 2080 1660 2128 fidei
1694 2088 1870 2127 nostrae
1903 2079 2053 2146 magis
2082 2090 2240 2128 essent
2277 2082 2363 2129 ad-

206 2157 353 2218 versi,
382 2158 542 2206 minus
561 2160 611 2206 in
633 2160 777 2209 laude
801 2162 903 2226 ejus
925 2164 1259 2211 invenirentur
1287 2163 1516 2228 suspecti,
1546 2171 1594 2209 et
1616 2159 1918 2226 probabilius
1953 2160 2002 2206 in
2035 2160 2176 2207 laude
2204 2161 2362 2224 cujus-

209 2236 324 2284 libet
345 2247 417 2285 est
440 2240 773 2289 testimonium
791 2243 996 2300 inimici,
1021 2260 1168 2308 quam
1191 2243 1359 2303 amici,
1387 2243 1510 2290 sicut
1532 2259 1558 2290 e
1582 2258 1815 2290 converso
1834 2242 1884 2287 in
1902 2240 2120 2288 crimine.
2153 2241 2289 2288 Unde
2317 2252 2363 2288 et

208 2333 320 2364 cum
341 2319 539 2384 Josephi
560 2321 711 2369 Judaei
738 2323 1069 2372 testimonium
1094 2325 1156 2373 de
1172 2325 1367 2377 Christo
1391 2323 1466 2370 vel
1502 2322 1564 2370 de
1596 2322 1780 2369 Sanctis
1813 2320 1915 2385 ejus
1951 2321 2177 2385 legimus,
2214 2321 2362 2386 pluri-

208 2414 343 2446 mum
365 2400 428 2447 ad
449 2399 596 2449 fidem
616 2403 665 2450 in
692 2420 751 2451 eo
771 2421 1166 2468 commovemur,
1202 2416 1259 2454 et.
1275 2421 1386 2453 cum
1424 2403 1648 2451 audimus
1676 2401 1928 2449 Philonem
1964 2402 2182 2449 Judaeum
2215 2403 2362 2450 vitam

209 2468 562 2529 monachorum
583 2486 774 2551 AEgypti
795 2487 1026 2552 probasse
1057 2498 1200 2552 atque
1223 2485 1611 2541 commendasse,
1639 2483 1748 2549 plus
1770 2482 1913 2530 nohis
1934 2483 2179 2543 satisfacit,
2215 2499 2362 2546 quam

208 2560 247 2606 si
269 2561 376 2624 quis
398 2572 620 2612 nostrum
643 2581 751 2613 eam
775 2568 1155 2616 commendaret.
1184 2572 1254 2615 Ex
1276 2584 1376 2633 quo
1397 2566 1590 2629 utrique
1614 2565 1739 2611 inter
1761 2563 1965 2610 illustres
1984 2564 2114 2609 viros
2133 2578 2161 2608 a
2185 2565 2234 2608 Β.
2258 2563 2364 2609 Hie-

209 2657 415 2706 ronymo
436 2649 773 2694 connumerari
797 2659 843 2695 et
869 2649 1039 2697 ascribi
1062 2659 1358 2697 meruerunt.

275 2721 405 2779 Quid
427 2724 572 2771 etiam
590 2727 739 2791 magis
765 2730 1088 2778 necessarium
1106 2730 1167 2777 ad
1193 2728 1525 2776 defensionem
1551 2726 1664 2772 fidei
1685 2734 1873 2784 nostrae,
1895 2739 2043 2788 quam
2068 2732 2120 2770 ut
2139 2723 2367 2772 adversus

210 2802 430 2848 omnium
475 2803 745 2854 infidelium
782 2809 1198 2875 importunitatem
1234 2825 1292 2855 ex
1323 2808 1437 2873 ipsis
1459 2805 1724 2853 habeamus
1752 2820 1836 2868 per
1858 2803 1993 2868 quod
2016 2804 2147 2869 ipsos
2172 2804 2366 2853 refella-

211 2881 353 2928 mus?
391 2892 442 2929 ut
464 2884 504 2930 si
528 2901 619 2932 nos
641 2886 882 2951 impetunt
906 2889 1210 2955 philosophi,
1241 2904 1328 2954 per
1353 2888 1483 2952 ipsos
1508 2885 1863 2932 convincantur
1883 2883 2109 2931 doctores
2129 2886 2201 2932 sui
2224 2895 2367 2950 atque

210 2960 511 3028 philosophi,
539 2975 586 3011 et
609 2966 648 3012 si
672 2983 762 3014 nos
781 2969 1027 3034 impetunt
1051 2969 1286 3030 haeretici,
1315 2967 1581 3032 aliquibus³
1603 2981 1746 3013 sacrae
1765 2964 1950 3030 paginae
1975 2965 2258 3012 testimoniis
2290 2982 2366 3013 re—

212 3041 451 3105 fellantur,
491 3055 635 3110 atque
666 3047 732 3094 ita
761 3048 896 3112 juxta
926 3050 1214 3115 Apostolum
1227 3051 1258 3112 ⁶,
1303 3069 1323 3094 «
1349 3064 1497 3095 omne
1528 3063 1583 3094 os
1611 3045 1915 3106 obstruatur,
1953 3054 2001 3092 et
2032 3044 2253 3092 subditus
2288 3044 2368 3093 fiat

213 3124 371 3170 omnis
408 3126 620 3174 mundus
651 3130 771 3175 Deo.
799 3149 820 3173 n
862 3130 980 3188 Quis
1010 3131 1153 3178 etiam
1191 3130 1441 3178 haereticos
1475 3128 1619 3191 longe
1650 3125 1912 3174 deteriores
1944 3141 2046 3172 esse
2078 3125 2298 3189 gentibus
2323 3136 2369 3172 et

259 3302 264 3318 ¹
285 3299 401 3333 l'salm.
427 3311 562 3345 exunt,
579 3315 609 3337 v.
641 3309 671 3344 7.
694 3307 743 3340 10.
760 3325 795 3331 -
816 3309 826 3327 ²
843 3306 957 3341 Psalmv,
982 3318 1095 3350 valll‚
1113 3320 1141 3341 v.
1162 3312 1213 3343 35.
1231 3327 1269 3334 -
1292 3311 1304 3330 ³
1319 3309 1371 3341 Sic
1386 3307 1468 3341 Cod.
1486 3306 1569 3339 Vici.
1588 3307 1610 3337 A
1633 3304 1754 3345 quibus
1775 3303 1872 3335 Δηὼ.
1889 3320 1930 3326 -
1946 3304 1957 3322 ⁴
1973 3302 2081 3342 Rom„
2099 3311 2173 3342 cap.
2197 3311 2245 3341 ιιι,
2270 3312 2300 3334 v.
2321 3306 2367 3335 ιε).

376 3376 406 3399 11
2183 3365 2205 3400 9
