2638 3866
1089 230 1408 281 APPENDlX.
2224 236 2318 283 775

173 331 263 376 stici
286 329 388 374 fidei
408 332 623 375 ventrium
653 329 853 374 lacunas¹
887 331 931 374 in
960 330 1252 376 misericordia
1282 342 1326 375 et
1356 332 1548 376 caritate.
1584 331 1704 376 Sedit
1733 343 1878 378 autem
1910 335 1955 394 in
1981 334 2165 379 concilio
2195 336 2318 378 vani-

171 413 292 465 tatis,
325 422 477 455 contra
503 412 662 456 Psalmi
692 411 930 464 decretum,
955 410 1132 471 quidam
1152 412 1373 455 memoriae
1400 411 1578 456 celebris
1606 413 1865 474 Episcopus,
1898 415 1943 458 in
1976 417 2095 473 cujus
2129 416 2319 459 auctori-

172 503 306 536 tatem
324 492 610 553 plurimorum
642 507 687 536 se
714 490 978 535 reclamabat
1005 507 1211 536 assensus.
1237 493 1319 542 Hic
1339 493 1584 537 hesternam
1605 492 1824 553 crapulam
1855 505 2050 551 ructans,
2072 496 2320 552 hujusmodi

171 574 216 616 in
252 574 462 618 concione
494 588 738 618 sermonem
772 572 961 615 evomuit
1000 587 1011 615 ε
1047 572 1215 616 Fratres
1229 605 1241 628 ,
1277 574 1516 618 christianae
1551 573 1767 634 religionis
1802 575 2030 636 participes
2044 609 2056 630 ,
2100 577 2319 620 communi

172 653 362 714 periculo
395 654 635 715 providete.
672 652 740 696 Ne
771 651 877 696 fides
910 652 956 695 in
985 652 1108 696 vobis
1140 654 1351 709 turbetur,
1381 670 1436 698 ne
1477 655 1664 699 sincems
1698 654 1910 698 columbae
1947 656 2094 699 oculus
2125 666 2319 716 turgente

170 734 339 778 macula
369 734 626 779 obducatur.
658 732 777 777 Nihil
812 734 928 776 enim
952 732 1131 793 prodest
1162 732 1341 799 aliarum
1364 734 1570 777 virtutum
1587 735 1821 794 possessio,
1846 734 1922 778 ubi
1944 735 2071 778 fuerit
2101 735 2202 778 fidei
2237 735 2317 779 de-

172 813 326 870 fectio,
352 816 476 872 juxta
510 814 618 858 illud
650 813 873 875 Apostoli²
899 829 909 858 z
941 834 958 852 α
979 813 1023 857 Si
1059 813 1214 873 linguis
1249 814 1476 857 hominum
1512 814 1666 874 loquar
1698 825 1742 858 et
1775 815 2065 875 Angelorum,
2100 816 2318 859 caritatem

171 905 316 938 autem
337 911 428 938 non
453 896 662 952 habeam,
696 895 804 939 nihil
831 895 939 938 mihi
964 892 1157 954 prodest.
1182 914 1199 932 »
1233 894 1272 937 Ο
1292 894 1498 938 Minervae
1524 894 1668 955 lepos!
1702 910 1729 938 ο
1754 895 1860 939 sales
1890 896 2044 938 Attici!
2076 895 2318 954 eloquentia

169 974 382 1019 Tulliana!
417 977 541 1020 Hane
568 976 684 1020 certe
705 976 891 1020 caudam
919 991 1011 1018 non
1040 974 1133 1041 vult
1153 975 1224 1019 hic
1252 976 1410 1019 asinus.
1443 976 1557 1019 Talis
1578 974 1672 1019 finis
1702 975 1777 1018 tali
1800 976 1929 1036 capiti
1957 991 2046 1019 non
2068 975 2317 1035 respondet.

169 1056 298 1100 Unde
325 1057 457 1100 etiam
478 1058 552 1117 qui
573 1057 786 1112 faverunt,
820 1072 961 1117 pressa
986 1056 1146 1112 fronte,
1176 1056 1381 1099 ruborem
1408 1056 1589 1100 confessi
1616 1066 1729 1099 sunt.
1754 1056 1901 1100 Placet
1928 1066 1972 1100 et
1995 1072 2084 1099 non
2106 1056 2320 1098 immerito

167 1138 281 1181 hanc
301 1138 448 1199 magni
469 1138 657 1182 nominis
677 1137 878 1181 umbram
894 1138 1013 1198 gregi
1033 1136 1207 1180 illorum
1229 1138 1563 1190 communicare,
1585 1136 1639 1180 de
1661 1138 1815 1197 quibus
1838 1137 2001 1181 dictum
2024 1136 2107 1180 est⁸
2135 1152 2145 1180 :
2179 1157 2194 1174 α
2209 1138 2322 1179 Con·

168 1226 376 1275 ceperunt
394 1225 596 1270 ventum,
631 1226 674 1259 et
694 1215 801 1259 telas
824 1230 993 1259 araneae
1015 1226 1262 1259 texuerunt.
1283 1236 1302 1254 υ
1331 1214 1539 1258 Praefatus
1560 1230 1661 1258 vero
1685 1216 1908 1275 episcopus
1938 1215 2068 1258 etiam
2098 1213 2321 1274 praemissis

166 1295 439 1357 adjungens:
480 1297 655 1352 Petrus,
703 1298 867 1357 inquit,
915 1312 1084 1356 semper
1126 1296 1272 1339 turbat
1307 1296 1568 1351 Ecclesiam,
1614 1312 1781 1357 semper
1817 1297 2033 1357 excogitat
2066 1295 2316 1338 novitatem.

166 1376 206 1418 Ο
225 1380 442 1437 tempora!
469 1394 497 1421 o
519 1379 687 1422 mores!
714 1378 782 1422 Sic
799 1376 967 1435 judicat
987 1376 1041 1420 de
1063 1376 1153 1421 sole
1170 1392 1322 1420 caecus,
1351 1377 1420 1420 Sic
1447 1377 1586 1438 pingit
1606 1377 1650 1420 in
1679 1377 1811 1420 ebore
1843 1392 2035 1420 mancus.
2069 1376 2137 1419 Sic
2168 1375 2320 1417 urbem

166 1458 436 1516 appreciatur
472 1459 630 1502 asinus.
663 1459 732 1502 Sic
769 1457 975 1501 animales
1007 1458 1210 1518 Episcopi
1237 1457 1453 1515 judicant,
1490 1457 1549 1500 sic
1583 1473 1704 1500 casus
1733 1457 1964 1511 ventilant,
1999 1457 2058 1499 sic
2090 1454 2321 1499 discutiunt

165 1541 369 1585 rationes.
408 1540 477 1586 Sic
511 1553 706 1603 pugnant
742 1552 896 1586 contra
924 1557 1025 1586 eum
1056 1540 1133 1584 filii
1162 1542 1310 1585 matris
1347 1556 1450 1584 suae.
1492 1540 1560 1583 Sic
1586 1556 1680 1584 sues
1711 1556 1860 1584 crassae
1895 1539 2096 1584 adversus
2126 1539 2319 1582 silentem

165 1622 418 1680 grunniunt.
2000 1678 2003 1682 .

224 1703 343 1745 Intra
381 1714 448 1746 tot
471 1704 617 1763 itaque
654 1714 698 1748 et
727 1714 868 1746 tantas
907 1703 1140 1763 angustias,
1183 1702 1475 1763 deprehensus
1515 1701 1770 1745 Abaelardus
1808 1701 1864 1744 ad
1894 1701 2082 1744 Romani
2112 1700 2321 1743 examinis

164 1783 358 1844 confugit
381 1784 560 1844 asylum.
589 1785 720 1828 Filius
742 1800 854 1840 sum,
878 1785 1034 1843 inquit,
1056 1785 1267 1827 Romanae
1288 1783 1495 1827 ecclesiae.
1519 1782 1633 1826 Volo
1658 1797 1783 1825 causa
1805 1797 1903 1825 mea
1927 1782 2047 1841 quasi
2068 1781 2188 1841 impii
2205 1780 2322 1838 judi-

163 1874 299 1908 cetur.
330 1866 543 1908 Caesarem
570 1865 757 1925 appello.
784 1866 842 1907 At
863 1864 1108 1907 Bernardus
1133 1863 1305 1918 Abbas,
1330 1864 1377 1906 in
1400 1865 1519 1921 cujus
1539 1862 1718 1906 brachio
1740 1861 1901 1905 fidebat
1923 1860 2152 1922 praesulum
2176 1860 2322 1903 multi-

162 1944 295 1997 tudo,
330 1961 419 1988 non
452 1945 581 2001 dixit,
615 1956 664 1988 ut
694 1946 856 1988 Praeses
883 1946 957 2004 qui
990 1945 1168 1988 tenebat
1202 1945 1385 1988 Paulum
1419 1945 1463 1987 in
1498 1943 1676 1987 vinculis
1702 1959 1713 1986 z
1738 1944 1948 1986 Caesarem
1982 1941 2225 2002 appellasti,
2263 1940 2318 1983 ad

161 2025 373 2068 Caesarem
392 2026 497 2081 ibis;
515 2025 614 2069 sed:
635 2027 848 2068 Caesarem
867 2025 1104 2085 appellasti,
1124 2025 1181 2067 ad
1202 2026 1416 2068 Caesarem
1434 2040 1523 2067 non
1539 2023 1928 2066 ibis.Renunciavit
1948 2023 2063 2065 enim
2085 2036 2180 2080 quae
2201 2030 2318 2081 gesta

162 2105 333 2148 fuerant
341 2106 608 2165 Apostolico,
625 2116 668 2148 et
685 2106 829 2148 statim
845 2121 870 2147 a
887 2121 1067 2148 romana
1084 2104 1185 2148 sede
1198 2105 1350 2148 litterae
1364 2104 1378 2127 ¹⁴
1398 2103 1686 2148 damnationis
1701 2104 1747 2146 in
1763 2104 1938 2147 Petrum
1953 2118 2032 2163 per
2049 2101 2315 2146 Gallicanam

162 2185 398 2229 Ecclesiam
432 2186 703 2229 volaverunt.
742 2187 984 2228 Damnatur
1017 2184 1159 2228 taliter
1191 2200 1239 2227 os
1272 2184 1400 2238 illud,
1432 2184 1776 2245 promptuarium
1809 2184 2012 2239 rationis,
2044 2182 2150 2226 tuba
2188 2181 2313 2236 fidei,

161 2265 398 2326 hospitium
424 2267 660 2310 Trinitatis.
703 2267 957 2320 Damnatur,
990 2266 1103 2326 proh
1141 2264 1294 2308 dolor!
1327 2265 1501 2322 absens,
1544 2264 1763 2308 inauditus
1793 2274 1837 2307 et
1869 2264 2151 2308 inconvictus.
2197 2260 2315 2317 Quid

161 2345 332 2390 dicam?
354 2347 511 2408 quidve
535 2363 625 2391 non
647 2346 822 2391 dicam?
845 2345 1064 2390 Bernarde
1077 2379 1088 2401 ,

593 2503 655 2542 Nil
679 2516 777 2556 opus
797 2511 854 2542 est
871 2502 993 2553 bello,
1012 2501 1167 2541 veniam
1189 2514 1402 2555 pacemque
1421 2513 1621 2554 rogamus,

700 2565 940 2620 Porrigimus
954 2565 1107 2616 junctas
1128 2564 1185 2611 ad
1199 2573 1263 2604 tua
1282 2565 1367 2604 lora
1385 2577 1539 2603 manus.

599 2632 622 2668 J
626 2643 697 2669 ura.
717 2629 857 2668 cadent
874 2643 1021 2679 rerum,
1042 2635 1218 2667 vertetur
1239 2628 1388 2667 sanctio
1410 2627 1558 2680 legum,

595 2691 634 2731 Si
653 2691 728 2741 vis,
749 2692 781 2731 si
802 2691 977 2741 mandas,
995 2691 1027 2730 si
1045 2691 1099 2730 sic
1117 2690 1293 2729 decernis
1312 2689 1525 2743 agendum,

592 2756 717 2803 Quem
736 2767 855 2807 penes
873 2753 1075 2793 arbitrium
1096 2762 1168 2800 est,
1186 2762 1225 2792 et
1242 2752 1315 2802 vis,
1333 2761 1371 2792 et
1385 2765 1524 2791 norma
1541 2749 1741 2804 loquendi.

160 2903 289 2959 Cujus
310 2918 518 2962 unquam,
542 2903 640 2946 Iesu
661 2902 795 2957 bone,
817 2903 942 2963 culpa
960 2914 1051 2946 tam
1072 2917 1209 2946 caecos
1233 2902 1386 2945 habuit
1402 2901 1584 2959 judices,
1610 2910 1657 2942 ut
1679 2915 1769 2942 non
1794 2899 1994 2958 utrinque
2017 2912 2155 2941 causae
2177 2897 2308 2940 latera

160 2983 443 3027 ventilarent?
480 2995 528 3026 ut
561 2999 651 3027 non
686 2984 733 3026 in
767 2999 899 3043 quam
927 2984 1197 3044 potissimum
1226 2993 1394 3043 partem
1424 2984 1493 3040 jus
1527 2991 1724 3041 vergeret
1760 2978 2014 3024 elimarent?
2051 2978 2125 3021 Isti
2161 2976 2312 3021 clausis

161 3062 295 3106 oculis
315 3063 494 3123 palpant
516 3065 755 3125 negotium,
791 3075 834 3107 et
861 3065 982 3123 quasi
1004 3063 1162 3108 oculati
1183 3079 1328 3107 rerum
1354 3063 1596 3125 cognitores
1619 3077 1720 3104 arcu
1747 3059 1982 3120 iniquitatis
2002 3059 2171 3102 intenso
2194 3058 2310 3100 toxi-

202 3273 208 3291 ¹
228 3270 282 3304 Sic
306 3270 387 3304 Cod.
421 3273 516 3306 2933.
548 3271 644 3304 Δηὼ.
677 3270 778 3304 Fidei
807 3269 982 3303 neutrium
1018 3269 1181 3303 lacrimas
1190 3284 1199 3312 ;
1273 3268 1388 3308 ³1sai„
1411 3277 1485 3310 cap.
1504 3276 1570 3308 ux,
1593 3275 1623 3299 v.
1639 3267 1659 3300 4
1675 3270 1709 3299 et
1731 3267 1762 3299 5.
1781 3282 1820 3289 -
1835 3266 1845 3285 ⁴
1862 3263 1958 3297 Amb.
1982 3260 2089 3302 litem,
2105 3260 2195 3301 quod
2211 3266 2307 3291 sensu

161 3326 252 3366 quod
284 3334 381 3359 sensu
408 3332 509 3360 caret.
534 3326 780 3368 ——²Corimh.‚
798 3324 832 3367 1,
856 3334 929 3367 cap.
958 3334 1035 3368 xm,
1060 3334 1091 3359 v.
1114 3329 1143 3359 1.
1160 3344 1201 3350 —
1274 3327 1374 3355 caret.
