2638 3866
228 263 324 310 392
1030 250 1213 299 PETRI·
1238 248 1554 298 ABAELARDI

231 366 332 411 Deo
364 370 411 409 et
441 366 600 406 mente
624 354 786 402 anima
815 353 1111 411 nominatur,
1146 351 1255 416 quia
1289 360 1386 399 tam
1413 351 1563 397 Patris
1586 365 1733 413 quam
1764 348 1866 396 Filii
1889 347 2020 419 idem
2044 357 2115 396 est
2148 348 2366 415 Spiritus,

228 460 340 491 cum
374 440 435 488 ab
469 447 674 500 utroque
706 433 937 500 procedat
964 452 973 480 :
1003 433 1133 480 unde
1168 432 1329 493 etiam,
1366 441 1418 479 ut
1447 432 1511 479 ait
1534 430 1822 495 Augustinus
1845 429 1894 476 in
1925 431 2009 477 XV
2031 428 2089 476 de
2118 431 2370 487 Τνίηὶταῑε,

229 539 335 588 cap.
366 521 484 578 κη’,
516 516 666 582 «quia
689 516 790 581 ipse
815 515 1018 580 Spiritus
1040 513 1313 562 communis
1344 522 1415 560 est
1445 511 1701 569 ambobus,
1741 510 1791 558 id
1815 520 2014 558 vocatur
2047 511 2148 576 ipse
2177 510 2373 576 proprie

230 602 364 668 quod
400 598 545 646 ambo
585 596 925 655 communiter,
965 612 1077 642 cum
1111 594 1333 642 videlicet
1366 603 1464 641 tam
1501 596 1636 640 Pater
1669 591 1813 639 etiam
1850 592 1970 657 ipse,
2010 607 2155 655 quam
2193 589 2337 637 Filius
2358 626 2370 648 ,

229 683 431 748 Spiritus
454 679 514 727 sit
546 687 593 725 et
618 686 827 725 sanctus.
853 695 874 720 n
904 678 1025 722 Cum
1052 684 1212 723 autem
1240 675 1301 722 de
1322 678 1425 722 Deo
1450 683 1496 721 et
1529 676 1631 737 Noy
1654 673 1784 720 nasci
1805 671 1879 719 vel
1898 672 2049 720 creari
2074 672 2241 732 voluit,
2273 672 2373 718 sive

232 762 336 810 fieri
373 761 532 808 anima
560 758 856 822 quandoque
880 773 906 804 a
934 755 1234 822 philosophis
1260 755 1456 815 dicitur,
1478 754 1647 802 abusio
1672 763 1741 800 est
1766 751 2024 800 verborum
2055 753 2206 816 magis
2227 767 2372 816 quam

229 859 364 891 error
405 840 666 888 sententiae.
708 838 869 886 Creari
906 854 1115 902 namque
1149 836 1224 884 vel
1259 835 1364 884 ficri
1399 845 1527 903 recte
1560 852 1659 883 non
1699 834 1900 894 dicitur,
1946 834 2032 881 nisi
2075 834 2123 880 in
2158 832 2233 880 his
2269 849 2374 898 quae

229 925 549 988 incoeperunt,
587 920 682 967 hoc
715 929 786 966 est
816 929 991 966 aeterna
1023 935 1123 965 non
1155 927 1284 965 sunt.
1320 917 1456 964 Nasci
1484 933 1616 974 vero,
1653 916 1746 963 hoc
1780 925 1850 963 est
1884 915 1944 962 de
1980 913 2243 962 substantia
2273 914 2376 979 ipsa

234 1004 380 1051 Patris
422 1001 640 1062 existere,
682 1000 934 1065 proprium
971 1008 1042 1046 est
1069 998 1199 1058 Filii,
1230 997 1290 1045 de
1322 1014 1420 1062 quo
1452 1014 1541 1044 suo
1574 997 1683 1043 loco
1714 995 2026 1062 postmodum
2066 994 2371 1042 disseremus.

231 1083 393 1132 Creari
421 1092 601 1139 tamen,
629 1081 728 1128 sive
754 1080 901 1140 nasci,
930 1080 1029 1127 sive
1055 1078 1176 1140 fieri,
1210 1095 1301 1144 pro
1327 1094 1428 1125 esse
1451 1094 1508 1124 ex
1536 1076 1698 1142 aliquo
1720 1076 1997 1143 philosophi
2020 1090 2376 1139 nonnunquam

232 1173 440 1229 ponunt.
484 1161 626 1208 Unde
662 1171 710 1208 et
741 1159 1037 1220 Macrobius,
1081 1169 1179 1206 tam
1211 1162 1351 1224 Noyn
1384 1159 1536 1224 ipsam
1574 1175 1601 1205 a
1634 1161 1756 1213 Deo,
1788 1174 1934 1222 quam
1966 1157 2178 1204 animam
2213 1172 2241 1202 a
2273 1157 2378 1219 Noy

231 1254 441 1291 creatam
475 1242 607 1302 dicit,
641 1240 738 1288 hoc
767 1249 839 1288 est
865 1257 921 1288 ex
952 1241 1057 1306 ipso
1081 1257 1199 1287 esse.
1236 1243 1291 1286 ln
1323 1239 1493 1287 eadem
1526 1254 1722 1303 quoque
1753 1237 2100 1303 significatione
2126 1235 2256 1284 nasci
2282 1235 2379 1283 hoc

230 1326 340 1372 loco
378 1323 608 1371 abutitur.
651 1325 852 1369 Hermes
886 1337 1002 1368 vero
1036 1320 1255 1385 superius
1291 1337 1402 1367 cum
1439 1319 1612 1366 dixerit
1643 1319 1777 1383 quod
1808 1322 1937 1366 Deus
1970 1317 2238 1366 secundum
2270 1316 2380 1363 fecit

229 1405 514 1462 Dominum,
551 1402 724 1449 Filium
758 1402 915 1467 ipsum
949 1418 1005 1448 ex
1037 1404 1141 1448 Deo
1173 1403 1312 1448 Patre
1341 1400 1442 1464 ejus
1466 1399 1694 1448 ostendit.
1721 1403 1924 1447 Fontem
1956 1398 2206 1465 Sapientiae
2229 1397 2381 1463 puris-

230 1488 406 1532 simum
438 1485 593 1550 ipsam
616 1486 754 1547 Noyn
784 1482 1013 1548 appellat,
1038 1481 1134 1529 hoc
1167 1491 1238 1529 est
1271 1481 1551 1547 sapientiam
1587 1481 1754 1542 Patris,
1790 1496 1935 1544 quam
1968 1479 2086 1527 nihil
2121 1487 2381 1543 quantum-

231 1583 440 1629 cumque
481 1564 742 1612 obscurum
789 1564 846 1611 sit
880 1563 1024 1611 latere
1065 1572 1239 1628 potest.
1277 1566 1348 1610 De
1383 1563 1523 1628 copia
1558 1561 1704 1625 hujus
1744 1560 1888 1608 fontis
1923 1561 2027 1626 ipsa
2065 1560 2153 1607 Dei
2189 1558 2382 1606 bonitas

233 1647 466 1694 animavit
496 1646 708 1710 primum
739 1661 944 1709 corpora
970 1645 1078 1692 coeli
1102 1660 1157 1691 ac
1186 1643 1430 1708 syderum,
1457 1643 1554 1691 hoc
1583 1652 1654 1690 est
1681 1643 1811 1707 ipsos
1843 1642 2038 1706 angelos
2071 1639 2145 1688 vel
2169 1639 2383 1688 coelestes

233 1728 443 1792 spiritus,
484 1727 566 1789 qui
603 1735 713 1772 ante
743 1724 994 1771 hominem
1027 1724 1208 1772 conditi
1239 1734 1368 1785 sunt,
1406 1723 1672 1771 secundum
1699 1722 1832 1787 quod
1868 1723 2101 1788 scriptum
2135 1724 2247 1781 θεῖ’,
2280 1723 2385 1768 «De

235 1806 536 1872 plenitudine
564 1822 735 1853 omnes
765 1806 1046 1870 accipimus.
1070 1821 1106 1850 »·
1127 1806 1245 1852 Coeli
1269 1821 1325 1852 ac
1348 1805 1574 1869 syderum
1610 1803 1794 1850 dictum
1818 1813 1903 1863 est,
1936 1802 2204 1850 secundum
2229 1801 2385 1864 digni-

236 1898 388 1935 tatum
428 1886 768 1946 differentiam,
807 1902 918 1933 cum
955 1885 1073 1933 alios
1105 1886 1298 1951 spiritus
1334 1884 1436 1932 aliis
1472 1883 1692 1950 praelatos
1728 1893 1773 1930 et
1807 1883 2075 1947 superiores
2111 1881 2380 1928 credamus.

239 1968 378 2015 Unde
414 1968 610 2031 angelos
651 1977 795 2031 atque
837 1966 1151 2031 archangelos
1189 1966 1393 2013 dicimus
1428 1982 1514 2012 seu
1550 1964 1922 2012 dominationes.
1959 1966 2176 2028 Corpora
2210 1961 2385 2008 summi

238 2049 432 2114 spiritus
457 2048 551 2095 dici
575 2058 780 2113 possunt
811 2048 955 2095 etiam
987 2047 1144 2111 angeli
1168 2046 1229 2095 ab
1253 2047 1378 2112 ipso,
1406 2055 1459 2093 ut
1480 2045 1662 2093 dictum
1695 2054 1783 2105 est,
1812 2043 2120 2109 spiritualiter
2138 2040 2381 2088 vivificati.

237 2130 325 2177 Vel
365 2130 507 2176 etiam
543 2145 751 2194 corpora
786 2128 903 2176 dicit
940 2128 1210 2176 secundum
1257 2127 1353 2174 hoc
1390 2127 1524 2191 quod
1566 2142 1764 2174 omnem
1800 2134 2068 2172 creaturam
2104 2122 2390 2186 Augustinus

238 2226 525 2275 corpoream
551 2209 686 2267 dicit,
714 2209 812 2256 hoc
837 2218 907 2256 est
939 2209 1367 2273 circumscriptam.
1400 2208 1476 2254 Sic
1499 2207 1629 2254 enim
1664 2205 1778 2254 dicit
1800 2206 1848 2252 in
1877 2205 2002 2252 libro
2026 2203 2083 2250 de
2109 2201 2390 2251 Orthodoxa

239 2290 380 2355 ftde⁸,
413 2307 520 2355 cap.
550 2308 578 2335 x
606 2307 615 2335 :
652 2289 822 2337 «Nihil
849 2290 1198 2355 incorporeum
1227 2298 1274 2336 et
1310 2287 1547 2335 invisibile
1572 2288 1621 2334 in
1647 2297 1820 2335 natura
1852 2284 2149 2333 credendum
2177 2292 2261 2340 est,
2298 2282 2389 2329 nisi

241 2372 400 2418 solum
429 2373 604 2430 Deum,
627 2371 711 2434 qui
735 2387 790 2417 ex
818 2387 876 2417 eo
898 2371 1215 2435 incorporeus
1237 2368 1465 2428 creditur,
1492 2369 1605 2433 quia
1629 2368 1810 2433 ubique
1835 2377 1923 2425 est,
1950 2375 1998 2413 et
2017 2365 2180 2412 omnia
2202 2362 2386 2428 implet,

241 2461 288 2497 et
320 2451 428 2498 ideo
452 2451 701 2498 invisibilis
726 2450 955 2498 omnibus
975 2450 1222 2506 creaturis,
1251 2450 1362 2514 quia
1393 2451 1710 2514 incorporeus
1731 2458 1816 2495 est.
1843 2449 2073 2493 Creatura
2098 2444 2258 2491 omnis
2281 2459 2389 2490 cor-

241 2548 406 2596 porea,
442 2531 596 2596 angeli
629 2540 675 2578 et
708 2547 878 2578 omnes
900 2531 1113 2578 coelestes
1142 2530 1340 2577 virtutes
1374 2546 1636 2595 corporeae,
1669 2528 1778 2575 licet
1806 2543 1905 2574 non
1939 2541 2082 2572 carne
2112 2523 2386 2570 subsistant.

243 2614 309 2657 Ex
346 2628 405 2658 eo
444 2621 606 2658 autem
646 2607 907 2676 corporeas
939 2628 1042 2658 esse
1079 2610 1322 2657 credimus
1357 2608 1703 2656 intellectuales
1740 2617 1963 2666 naturas,
2008 2603 2142 2669 quod
2177 2601 2394 2649 localiter

244 2690 720 2751 circumscribuntur,
763 2692 885 2739 sicut
919 2701 966 2739 et
994 2691 1156 2738 anima
1188 2690 1420 2752 humana,
1458 2706 1564 2755 quae
1599 2705 1743 2736 carne
1777 2685 2034 2747 clauditur,
2073 2694 2120 2732 et
2151 2683 2392 2731 daemones

246 2773 327 2834 qui
362 2789 448 2836 per
474 2771 792 2820 substantiam
826 2772 1052 2836 angelicae
1089 2781 1270 2818 naturae
1300 2780 1411 2818 sunt
1440 2770 1681 2836 corporei.
1704 2790 1726 2812 n
1757 2771 1881 2814 Bene
1910 2775 2071 2814 autem
2107 2764 2290 2811 dictum
2325 2772 2392 2810 est

248 2867 304 2896 ex
338 2852 438 2915 ipsa
474 2853 709 2916 sapientia
741 2870 824 2900 eos
857 2870 959 2900 esse
988 2854 1249 2909 animatos,
1277 2853 1390 2917 quia
1422 2851 1524 2898 haec
1552 2860 1622 2898 est
1646 2850 1743 2896 vita
1768 2857 1943 2896 aeterna
1970 2855 2023 2893 ut
2048 2859 2394 2910 cognoscamus

249 2931 372 2976 sicut
402 2941 449 2977 et
478 2933 656 2995 cogniti
682 2950 866 2993 sumus,
906 2934 1024 2981 facie
1047 2933 1108 2981 ad
1136 2933 1306 2980 faciem
1341 2936 1496 2979 Deum
1526 2930 1763 2979 videntes.
1787 2928 1955 2976 Haurit
1988 2927 2188 2992 Spiritus
2217 2924 2277 2971 de
2312 2922 2394 2969 illo

250 3011 399 3069 fonte,
429 3028 539 3057 cum
563 3029 654 3059 nos
678 3013 739 3060 de
762 3014 936 3061 divinae
960 3014 1184 3079 sapientae
1207 3012 1519 3077 intelligentia
1543 3011 1733 3071 imbuit,
1760 3007 2025 3058 secundum
2056 3005 2188 3072 quod
2210 3004 2394 3051 dictum

251 3092 359 3148 est⁶,
393 3110 415 3133 «
435 3093 505 3136 De
531 3108 641 3138 meo
670 3094 871 3158 accipiet
901 3104 947 3140 et
970 3094 1277 3142 annuntiabit
1309 3092 1463 3153 vobis,
1492 3114 1516 3136 ι»
1544 3092 1675 3139 unde
1699 3102 1746 3139 et
1781 3090 1980 3156 Spiritus
2009 3085 2267 3153 sapientiae,
2298 3083 2395 3129 sive

252 3170 537 3229 intellectus,
563 3188 647 3218 seu
666 3173 872 3219 scientiae
885 3174 1039 3220 dictus
1059 3183 1143 3220 est.
1172 3172 1317 3231 Quod
1340 3190 1455 3220 vero
1476 3173 1658 3220 dictum
1679 3181 1749 3218 est
1767 3189 1776 3216 :
1810 3172 1972 3216 «Mens
1993 3168 2136 3231 agitat
2154 3163 2350 3223 molem,
2369 3181 2393 3206 υ

323 3352 394 3385 Lib.
414 3350 453 3390 V,
467 3361 541 3393 cap.
561 3361 593 3385 u.
616 3352 723 3396 Opp„
740 3359 763 3385 t.
784 3353 867 3386 Vlll.
897 3373 933 3378 —-
960 3357 970 3374 '⁴
991 3355 1099 3395 Joan„
1116 3366 1188 3397 cap.
1211 3366 1233 3394 i,
1253 3366 1285 3389 v.
1306 3360 1354 3391 16.
1378 3375 1413 3381 -—
1430 3360 1440 3378 ³
1459 3357 1532 3397 Leg.
1552 3365 1623 3397 cap.
1645 3364 1677 3388 xl
1698 3360 1730 3388 et
1747 3363 1806 3387 xii.
1826 3371 1863 3377 —
1878 3355 1888 3373 ⁴
1905 3353 2013 3394 Joan„
2032 3360 2104 3392 cap.
2125 3359 2193 3391 xm,
2210 3360 2239 3383 v.
2261 3352 2311 3384 14.
