2638 3866
243 214 343 265 498
1057 207 1230 256 PETRI
1263 207 1582 257 ABAELARDl

245 326 386 375 esset,
423 327 472 364 et
505 333 561 364 ex
594 313 812 380 personis
848 326 1020 357 unum.
1059 311 1182 356 Cum
1217 324 1332 356 vero
1367 325 1468 356 non
1503 309 1599 356 sint
1620 309 1747 358 idem
1786 310 2074 359 diffinitione
2104 307 2310 357 essentia
2346 313 2393 352 et

245 413 477 461 personae,
505 412 603 442 non
634 403 705 440 est
722 406 914 439 necesse
944 389 1059 438 hoc.
1088 392 1210 436 Nam
1235 398 1283 436 et
1306 405 1418 436 cum
1439 389 1591 437 homo
1615 390 1747 438 idem
1773 392 1833 438 sit
1854 407 2059 439 numero
2083 406 2195 437 cum
2222 384 2391 435 risibili

244 487 293 524 et
315 475 586 540 navigabili,
614 472 689 520 vel
713 475 930 519 Socrates
948 487 1062 517 cum
1085 469 1314 534 loquente
1339 470 1416 517 vel
1438 469 1663 518 audiente
1686 481 1734 519 et
1758 472 1820 519 de
1840 489 1938 537 quo
1961 471 2079 520 alter
2101 469 2163 518 ad
2188 468 2391 516 alterum

242 556 470 620 loquitur,
510 571 612 602 non
650 565 809 601 tamen
847 553 914 599 sic
948 551 1102 598 homo
1138 561 1210 598 est
1244 550 1396 599 multa
1420 550 1726 611 diffinitione,
1765 554 1814 600 in
1848 570 1906 601 eo
1942 552 2121 600 scilicet
2153 548 2288 615 quod
2320 556 2390 594 est

240 636 430 683 risibilis
458 646 505 683 et
527 633 827 698 navigabilis.
855 632 971 679 Ideo
994 632 1045 678 in
1072 648 1130 678 eo
1154 629 1291 696 quod
1314 641 1386 679 est
1410 631 1581 694 homo,
1607 633 1683 681 vel
1705 634 1745 681 si
1767 651 1921 681 unum
1943 632 2230 681 diffinitione
2255 629 2306 676 in
2328 643 2390 675 eo

239 716 373 780 quod
407 716 578 773 homo,
605 716 717 763 ideo
750 715 801 761 in
835 730 893 761 eo
930 712 1064 777 quod
1097 722 1169 759 est
1200 710 1391 759 risibilis
1422 722 1470 760 et
1500 713 1796 778 navigabilis.
1833 714 2056 762 Similiter
2088 722 2135 760 et
2168 713 2390 758 Socrates

237 813 350 843 cum
379 797 440 844 sit
472 806 565 844 tres
587 811 804 861 personae
835 792 1103 841 secundum
1135 793 1497 856 grammaticos,
1524 793 1574 840 in
1605 810 1665 841 eo
1689 793 1866 842 scilicet
1894 794 2029 859 quod
2056 802 2127 841 est
2146 792 2354 856 loquens
2370 825 2384 850 ,

237 886 285 925 et
315 877 542 937 audiens,
576 886 624 924 et
657 876 718 924 de
747 891 846 939 quo
883 873 1002 921 alter
1030 872 1094 921 ad
1130 873 1332 921 alterum
1366 872 1600 938 loquitur,
1632 890 1734 921 non
1772 883 1935 922 tamen
1971 874 2023 922 in
2054 890 2113 922 eo
2144 871 2279 936 quod
2315 878 2388 918 est

235 959 453 1006 Socrates
476 957 551 1005 vel
587 956 721 1022 quod
745 965 814 1003 est
842 954 1136 1015 substantia3
1163 955 1315 1002 immo
1342 955 1444 1020 ipse
1467 970 1593 1002 unus
1614 964 1686 1002 est
1715 954 1765 1002 in
1789 955 2056 1003 substantia
2084 963 2132 1002 et
2153 954 2306 1004 trinus
2334 951 2383 999 in

234 1039 456 1103 personis
477 1037 746 1086 secundum
771 1035 1107 1100 grammaticos
1123 1035 1357 1100 acceptis.
1378 1035 1456 1082 Sic
1478 1044 1527 1082 et
1549 1037 1680 1082 Deus
1698 1052 1826 1084 unus
1843 1036 2046 1084 omnino
2063 1044 2134 1083 est
2152 1034 2203 1083 in
2228 1048 2386 1080 essen-

233 1118 299 1166 tia
320 1129 366 1166 et
390 1119 545 1166 trinus
569 1118 619 1165 in
652 1117 870 1182 personis
896 1133 907 1162 z
938 1116 1053 1180 quia
1084 1124 1130 1163 et
1155 1115 1203 1164 in
1231 1116 1436 1163 essentia
1462 1132 1588 1163 unus
1610 1124 1798 1163 tantum
1822 1126 1893 1164 est
1922 1117 1973 1165 in
2001 1130 2231 1173 numero,
2263 1122 2311 1164 et
2332 1112 2382 1166 in

232 1200 450 1263 personis
483 1199 574 1246 tria
607 1195 976 1245 diffinitionibus
1008 1205 1093 1243 aut
1125 1195 1500 1261 proprietatibus
1531 1195 1739 1244 diversa.
1775 1197 1978 1246 Trinitas
2006 1197 2167 1261 itaque
2198 1194 2288 1242 ista
2320 1191 2383 1246 ad

232 1278 553 1327 diversitatem
590 1277 938 1326 diffinitionum
966 1276 1043 1324 vel
1071 1276 1440 1342 proprietatum,
1469 1286 1524 1324 ut
1552 1276 1738 1324 dictum
1765 1287 1853 1339 est,
1886 1287 2095 1343 spectat3
2129 1276 2290 1323 unitas
2318 1271 2382 1324 ad

231 1361 485 1408 essentiam
507 1377 517 1406 :
544 1360 753 1424 ideoque
776 1357 868 1405 sibi
890 1356 1092 1405 minime
1114 1356 1447 1419 adversantur,
1474 1374 1587 1405 cum
1608 1358 1876 1406 secundum
1896 1358 2102 1418 diversa,
2123 1366 2179 1404 ut
2197 1355 2382 1405 dictum

226 1451 313 1501 est,
329 1442 530 1488 'I'rinitas
547 1441 650 1506 ipsa
671 1450 718 1487 et
739 1438 906 1486 Unitas
925 1437 1220 1502 accipiantur
1240 1457 1254 1499 3
1282 1437 1361 1485 illa
1386 1438 1608 1487 videlicet
1631 1438 1899 1487 secundum
1918 1438 2242 1488 diversitatem
2263 1434 2382 1484 diffi-

227 1521 468 1568 nitionum
491 1531 572 1569 aut
592 1520 970 1586 proprietatum3
994 1517 1096 1565 haec
1120 1517 1390 1566 secundum
1411 1535 1688 1567 numerum.

291 1603 451 1649 Movet
482 1601 692 1648 fortassis
723 1600 953 1664 aliquem,
986 1597 1121 1662 quod
1150 1598 1358 1646 diximus
1383 1600 1661 1648 Trinitatem
1686 1600 1962 1649 divinarum
1985 1613 2304 1665 personarum
2327 1596 2379 1650 in

226 1694 278 1725 re
302 1695 404 1726 esse
429 1677 760 1743 accipiendam
787 1694 797 1723 z
826 1693 882 1724 ac
906 1677 944 1723 si
969 1675 1189 1724 dicamus
1219 1679 1377 1723 Deum
1396 1694 1498 1724 esse
1531 1678 1713 1727 trinum
1737 1679 1787 1726 in
1813 1678 2050 1745 personis,
2083 1677 2135 1725 in
2157 1692 2217 1729 eo
2243 1673 2380 1740 quod

225 1759 328 1823 ipse
360 1776 437 1807 res
464 1768 560 1821 est,
597 1776 709 1806 cum
739 1758 898 1822 potius
933 1757 983 1804 in
1008 1773 1068 1804 eo
1101 1756 1236 1820 quod
1268 1774 1344 1805 res
1375 1768 1473 1817 est,
1499 1775 1598 1806 una
1628 1769 1818 1808 tantum
1852 1775 2058 1807 numero
2094 1757 2154 1806 sit
2193 1773 2287 1819 reS‚
2322 1772 2381 1810 ac

222 1839 406 1887 nullam
432 1840 482 1887 in
505 1856 553 1887 se
575 1839 754 1887 habeat
779 1837 1157 1897 multitudinem,
1190 1853 1281 1884 nec
1304 1837 1449 1886 etiam
1468 1840 1819 1904 proprietatum
1843 1840 2185 1889 diversitatem.
2221 1841 2280 1884 Et
2300 1836 2382 1884 hic

224 1917 309 1981 qui
337 1917 434 1965 hoc
467 1917 585 1965 dicit
613 1926 740 1964 recte
768 1916 913 1964 sentit
943 1914 1004 1962 de
1036 1931 1095 1962 eo
1123 1914 1258 1979 quod
1295 1915 1433 1977 dicit,
1469 1916 1554 1964 sed
1584 1933 1684 1964 non
1721 1917 1783 1965 de
1817 1933 1877 1966 eo
1901 1916 2036 1981 quod
2068 1933 2096 1964 a
2121 1931 2200 1963 me
2233 1929 2379 1980 supra

223 1997 408 2045 dictum
438 2006 510 2045 est
539 2006 587 2044 et
619 1996 1009 2044 determinatum.
1048 1998 1154 2042 Non
1185 1995 1318 2043 enim
1340 1996 1407 2044 ita
1426 1997 1706 2046 Trinitatem
1734 1998 1788 2046 in
1811 2013 1863 2045 re
1888 1997 2042 2062 accipi
2065 1995 2296 2054 dicimus,
2323 2002 2379 2041 ut

220 2077 269 2124 in
300 2095 359 2126 eo
391 2077 526 2142 quod
555 2078 656 2142 ipse
678 2079 808 2124 Deus
835 2086 908 2124 est
930 2092 1023 2135 res,
1047 2076 1231 2123 trinum
1263 2093 1375 2124 eum
1401 2077 1618 2126 dicamus
1643 2096 1654 2125 ε
1681 2078 1768 2126 sed
1800 2079 1867 2126 ita
1895 2077 2176 2125 Trinitatem
2198 2074 2301 2138 ejus
2325 2074 2376 2122 in

220 2175 272 2206 re
302 2175 404 2207 esse
428 2158 821 2218 determinamus,
844 2167 891 2204 et
923 2173 1026 2204 non
1050 2156 1099 2204 in
1122 2156 1372 2205 vocabulis
1391 2158 1672 2218 consistere,
1698 2168 1754 2207 ut
1774 2159 1877 2224 ipsa
1895 2174 1972 2206 res
1996 2173 2102 2221 quae
2130 2158 2261 2203 Deus
2284 2164 2374 2213 est,

219 2239 324 2304 ipsa
361 2239 420 2286 sit
450 2239 653 2287 Trinitas
682 2257 693 2286 ι
720 2255 819 2286 non
853 2238 905 2285 in
941 2247 1179 2301 quantum
1206 2254 1283 2285 res
1308 2238 1410 2304 ipse
1442 2249 1528 2299 est,
1568 2239 1653 2287 sed
1685 2240 1835 2304 magis
1869 2239 1921 2287 in
1945 2254 2006 2286 eo
2040 2236 2177 2302 quod
2210 2245 2282 2284 est
2314 2234 2377 2283 ab

219 2329 399 2366 aeterno
417 2319 507 2366 illae
526 2329 622 2367 tres
640 2335 855 2384 personae
880 2335 967 2383 per
983 2317 1224 2366 vocabula
1249 2318 1501 2383 distinctae.
1525 2323 1634 2368 Non
1657 2320 1789 2367 enim
1814 2319 1930 2384 quia
1951 2317 2196 2366 distinctio
2220 2315 2376 2365 nomi-

218 2417 339 2447 num
361 2400 483 2447 facta
507 2410 595 2460 est,
619 2400 821 2446 Trinitas
852 2399 944 2446 ista
969 2408 1067 2460 est;
1095 2398 1180 2446 sed
1210 2400 1327 2464 quia
1347 2387 1436 2448 ista
1457 2399 1520 2447 ab
1551 2410 1730 2448 aeterno
1767 2400 1971 2448 Trinitas
2004 2409 2094 2458 est,
2126 2397 2373 2446 distinctio

218 2480 475 2527 nominum
506 2480 784 2545 temporalis
813 2479 936 2526 facta
965 2488 1052 2537 est,
1081 2478 1144 2526 ad
1173 2479 1270 2527 hoc
1301 2475 1482 2527 scilicet
1502 2480 1637 2543 quod
1671 2481 1958 2528 aeternaliter
1980 2488 2052 2526 est
2084 2477 2227 2524 nobis
2258 2477 2373 2527 assi-

218 2560 465 2624 gnandum
485 2560 569 2626 qui
591 2577 649 2607 ex
676 2569 895 2624 tempore
915 2559 1167 2624 coepimus.
1198 2559 1338 2607 Unde
1363 2576 1476 2608 cum
1498 2560 1616 2607 dicit
1649 2560 1942 2624 Augustinus
1961 2561 2121 2606 Deum
2142 2573 2300 2604 unum
2322 2556 2372 2603 in

216 2641 500 2701 substantia,
527 2641 711 2689 trinum
734 2641 784 2687 in
801 2638 1078 2700 vocabulis;
1101 2639 1196 2687 tale
1223 2649 1293 2687 est
1318 2641 1497 2688 trinum
1522 2641 1573 2688 in
1596 2640 1863 2702 vocabulis,
1896 2655 1953 2688 ac
1975 2639 2017 2686 si
2039 2637 2169 2686 dicat
2190 2636 2373 2684 trinum

215 2722 266 2769 in
295 2722 370 2769 his
404 2739 509 2788 quae
531 2738 619 2787 per
640 2719 878 2768 vocabula
905 2719 1285 2783 distinguuntur,
1318 2721 1415 2769 hoc
1442 2730 1513 2769 est
1541 2721 1591 2768 in
1620 2721 1856 2786 personis.
1877 2719 1987 2767 Tale
2019 2719 2165 2766 etiam
2195 2717 2247 2764 in
2279 2716 2370 2771 Isi-

218 2803 339 2849 doro
364 2804 617 2868 reperitur‚
649 2800 735 2849 ubi
768 2801 818 2847 in
849 2800 1266 2867 Etymologz'arum
1300 2801 1412 2850 libri
1443 2804 1528 2860 vlt
1547 2802 1759 2867 capitulo
1793 2818 1860 2863 1v,
1887 2800 1956 2848 sic
1987 2799 2053 2847 ait
2079 2816 2090 2844 ε
2121 2819 2144 2851 (ς
2162 2796 2375 2844 Proinde

216 2883 416 2930 Trinitas
434 2885 484 2930 in
507 2883 715 2930 relativis
736 2897 1055 2947 personarum
1082 2882 1364 2931 nominibus
1392 2893 1488 2943 est,
1522 2902 1547 2928 »
1574 2882 1846 2931 secundum
1870 2880 1921 2929 id
1943 2879 2124 2928 scilicet
2152 2876 2288 2942 quod
2317 2876 2368 2923 in

219 2962 310 3009 illis
338 2964 617 3028 exprimitur
640 2979 696 3010 ac
725 2962 1017 3026 designatur.
1054 2965 1109 3009 In
1137 2979 1190 3010 re
1227 2964 1389 3028 itaque
1407 2981 1513 3028 quae
1533 2966 1661 3012 Deus
1688 2974 1758 3012 est
1781 2963 2061 3010 Trinitatem
2085 2958 2365 3023 accipimus,

218 3058 320 3088 non
343 3043 393 3088 in
414 3044 461 3089 vi
478 3042 829 3090 vocabulorum
856 3060 866 3088 ι
894 3059 1000 3106 quae
1022 3042 1060 3089 si
1085 3044 1288 3091 omnino
1315 3043 1553 3103 deessent,
1573 3061 1674 3092 non
1698 3045 1860 3092 minus
1885 3042 1966 3090 illa
1986 3042 2036 3088 in
2062 3056 2114 3088 re
2132 3040 2235 3103 ipsa
2259 3051 2369 3101 per-

216 3132 432 3169 maneret
460 3123 678 3169 Trinitas.
707 3126 761 3168 ln
787 3139 856 3181 re,
890 3123 1110 3186 inquam,
1146 3123 1213 3171 ita
1236 3140 1343 3172 eam
1369 3125 1649 3190 accipimus,
1682 3134 1737 3172 ut
1768 3125 1869 3189 ipsa
1897 3139 1974 3170 res
1995 3137 2102 3185 quae
2123 3121 2252 3165 Deus
2275 3125 2363 3174 est,

215 3204 295 3250 illa
326 3203 385 3250 sit
413 3202 632 3261 Trinitas,
658 3218 760 3248 non
786 3203 837 3248 in
861 3219 920 3250 eo
953 3212 1142 3251 tantum
1167 3204 1301 3267 quod
1327 3214 1397 3253 est
1424 3206 1527 3270 ipsa
1549 3221 1640 3266 res,
1667 3205 1751 3253 sed
1773 3203 1909 3268 quod
1939 3211 2012 3249 est
2032 3214 2250 3266 personae
2277 3195 2366 3244 illae

213 3300 362 3349 supra
391 3283 642 3330 distinctae.
668 3284 831 3345 Longe
854 3292 1015 3338 autem
1038 3283 1169 3330 aliud
1193 3294 1264 3332 est
1288 3302 1393 3333 rem
1409 3286 1563 3350 ipsam
1586 3301 1689 3332 esse
1713 3284 2008 3343 Trinitatem,
2038 3279 2168 3328 aliud
2185 3294 2293 3326 eam
2313 3276 2366 3323 in
