2638 3866
1177 197 1487 248 DlALOGUS.
1576 207 1578 210 ’
2302 202 2397 251 707

261 303 534 352 animarum
555 300 819 367 quamdam
845 315 1014 348 earum
1040 299 1315 348 inferiorem
1347 298 1677 347 corrosionem
1692 334 1705 361 ,
1733 314 1829 364 qua
1863 298 1926 347 de
1957 300 2250 350 conscientia
2284 318 2370 350 sua
2383 340 2397 363 ,

261 381 596 448 desperatione
623 380 772 429 veniae
804 389 853 428 et
882 379 1050 427 futurae
1081 395 1236 445 poenae
1268 387 1527 443 augmento
1547 378 1648 443 jam
1675 380 1966 442 cruciantur,
2000 396 2057 429 ac
2084 381 2399 446 postmodum

260 462 421 526 ignem
465 478 566 527 quo
597 460 853 526 resumptis
891 458 1178 524 corporibus
1211 457 1570 521 cruciabuntur,
1605 459 1890 508 intellexisse
1919 460 2158 527 propheta
2186 461 2394 523 dicatur,

259 541 396 590 facile
429 551 500 590 est
529 552 628 590 tam
657 539 865 607 spiritale
896 555 1044 603 quam
1071 538 1323 604 corporale
1352 548 1648 587 tormentum
1681 539 1871 587 definiri
1902 540 2145 589 infernum
2158 577 2172 603 ,
2203 557 2400 607 compa-

260 622 448 671 ratione
470 621 650 670 scilicet
670 619 871 669 aliarum
895 634 1149 685 poenarum
1164 656 1177 682 ,
1202 617 1279 667 his
1298 628 1529 684 tanquam
1552 619 1730 667 infimis
1751 619 1827 668 vel
1857 621 2079 669 extremis
2110 622 2175 669 ita
2199 622 2397 680 vocatis,

260 699 359 747 sive
390 699 480 748 sub
511 699 649 748 terris
677 698 776 747 sive
808 697 922 747 alibi
943 696 1166 745 dicantur
1192 697 1418 744 exerceri.
1446 699 1571 744 Cum
1594 697 1726 744 enim
1753 706 1902 745 terras
1924 714 2068 764 super
2099 714 2249 763 aquas
2283 698 2402 747 fun-

260 778 397 827 datas
418 795 521 827 esse
544 787 750 840 constat,
775 777 1028 843 quomodo
1053 775 1144 824 sub
1167 776 1303 824 terris
1326 793 1591 843 corporeus
1612 777 1784 842 aliquis
1814 777 1936 842 ignis
1958 794 2059 826 esse
2082 777 2285 838 dicetur,
2312 779 2402 827 nisi

260 859 384 907 forte
416 859 506 907 sub
544 859 683 908 terris
717 858 1009 923 intelligatur
1041 873 1341 922 quaecunque
1371 865 1507 904 terrae
1538 856 1841 923 profunditas
1885 867 1998 922 post
2031 857 2186 919 hanc,
2223 859 2271 905 in
2307 874 2403 922 qua

261 955 451 1001 sumus,
478 949 616 988 terrae
647 938 986 1006 superficiem?
1018 937 1113 986 Sed
1140 954 1333 986 rursum
1362 953 1474 985 cum
1504 937 1719 985 infinitus
1741 937 2063 1002 reproborum
2083 954 2330 998 numeruS,
2357 948 2403 987 et

256 1019 391 1083 juxta
415 1020 638 1068 Veritatis
670 1020 1000 1079 assertionem,
1031 1035 1208 1084 parvus
1245 1019 1306 1066 sit
1337 1017 1601 1066 electorum
1639 1017 1852 1080 futurus,
1892 1034 1993 1066 non
2028 1017 2164 1066 facile
2195 1018 2405 1065 fortassis

207 1101 519 1167 recipietur
550 1110 740 1149 tantum
771 1099 948 1148 alicubi
983 1109 1118 1148 terrae
1153 1100 1312 1147 sinum
1339 1098 1535 1159 haberi,
1571 1099 1655 1163 qui
1686 1107 1760 1146 tot
1789 1114 1997 1164 corpora
2026 1114 2198 1189 capere
2233 1098 2399 1163 possit.

262 1180 403 1229 Unde
432 1182 472 1229 si
498 1181 691 1230 cuidam
711 1180 934 1229 videatur
964 1189 1149 1229 tantam
1176 1178 1327 1228 divini
1349 1179 1518 1244 judicii
1549 1178 1816 1244 potentiam
1847 1194 1976 1239 esse,
2011 1188 2062 1227 ut
2094 1179 2144 1227 in
2179 1178 2406 1226 omnibus

260 1277 395 1327 aeque
422 1261 560 1324 locis,
587 1278 710 1328 quos
742 1262 974 1324 voluerit,
1000 1262 1174 1327 punire
1202 1261 1371 1327 possit,
1392 1259 1609 1324 nihilque
1638 1258 1699 1306 ad
1724 1275 1920 1324 poenam
1946 1259 2069 1306 sicut
2098 1274 2188 1307 nec
2209 1258 2270 1307 ad
2293 1258 2405 1323 glo—

261 1342 383 1390 riam
422 1342 598 1390 referre
635 1341 887 1408 qualitates
923 1342 1148 1390 locorum
1166 1378 1179 1404 ,
1225 1357 1325 1388 non
1370 1339 1540 1388 dubito
1581 1338 1631 1386 id
1672 1348 1808 1386 tanto
1858 1338 2120 1387 faciliorem
2160 1354 2406 1387 assensum

261 1422 496 1483 invenire,
520 1433 705 1488 quanto
728 1422 935 1489 amplius
957 1431 1006 1471 et
1032 1421 1247 1470 divinam
1270 1420 1540 1487 potentiam
1562 1418 1753 1467 videtur
1783 1418 2128 1467 commendare
2161 1427 2209 1467 et
2230 1418 2405 1466 rationi

262 1503 412 1568 magis
444 1504 791 1569 propinquare.
827 1505 889 1550 Ut
911 1502 1040 1550 enim
1072 1517 1387 1550 communem
1419 1500 1516 1548 fere
1552 1500 1771 1547 omnium
1800 1515 2059 1564 sequamur
2095 1498 2404 1563 opinionem,

262 1583 347 1648 qui
378 1583 427 1630 in
457 1583 632 1632 eodem
655 1584 765 1648 igne
787 1584 972 1650 positos
989 1620 1002 1643 ,
1034 1583 1154 1631 alios
1179 1582 1348 1646 magis,
1385 1581 1504 1628 alios
1536 1580 1721 1641 minus,
1746 1596 1836 1644 pro
1864 1579 2042 1626 meritis
2064 1578 2162 1626 suis
2188 1594 2287 1625 non
2317 1593 2407 1642 pro

262 1665 529 1728 quantitate
571 1664 784 1712 incendii
825 1663 1028 1712 cruciari
1071 1662 1264 1723 dicunt,
1302 1678 1401 1710 non
1449 1660 1593 1709 video
1627 1659 1831 1725 qualiter
1864 1658 2081 1723 ejusdem
2119 1658 2242 1723 ignis
2277 1665 2410 1704 tanta

263 1743 535 1792 moderatio
549 1759 637 1809 per
659 1743 875 1792 divinam
891 1743 1160 1809 potentiam
1182 1743 1232 1789 in
1256 1757 1398 1807 poena
1414 1740 1517 1788 fieri
1534 1740 1701 1806 possit,
1716 1748 1764 1786 et
1784 1755 1885 1786 non
1903 1738 2064 1803 potius
2079 1736 2278 1786 diversis
2293 1736 2410 1784 locis

262 1823 446 1887 positos
469 1823 684 1872 diversos
713 1823 925 1887 affligere
948 1832 1095 1887 queat
1121 1821 1391 1881 tormentis,
1426 1820 1502 1868 vel
1524 1818 1766 1884 quoslibet
1793 1819 1962 1880 etiam,
1993 1817 2273 1882 ubicunque
2295 1817 2406 1874 sint,

263 1902 636 1969 quibuscunque
667 1903 783 1951 velit
816 1912 1042 1967 torquere
1063 1902 1220 1967 poenis
1237 1939 1250 1964 ,
1284 1911 1332 1949 et
1353 1901 1519 1949 omnia
1541 1900 1609 1948 eis
1638 1900 1687 1947 in
1717 1898 1957 1964 quaslibet
1984 1914 2152 1963 poenas
2174 1896 2410 1945 elementa

263 1994 571 2046 convertere,
608 1985 730 2032 sicut
759 1984 995 2049 scriptum
1026 1986 1122 2031 est¹
1149 2000 1160 2029 z
1201 2001 1226 2028 «
1245 1981 1477 2046 Pugnabo
1510 1997 1600 2046 pro
1635 1983 1740 2028 Deo
1774 1989 1944 2027 contra
1976 1979 2241 2026 insensatos
2278 1975 2410 2024 orbis

262 2072 517 2112 terrarum.
543 2085 566 2109 >›
596 2068 716 2111 Nam
739 2073 787 2111 et
807 2064 942 2129 juxta
966 2079 1138 2111 eorum
1161 2063 1578 2122 existimationem,
1602 2061 1652 2108 in
1679 2061 1785 2125 ipso
1810 2058 2016 2107 aethereo
2040 2056 2181 2118 coelo,
2205 2055 2289 2103 ubi
2310 2071 2409 2119 quo

263 2144 432 2208 purior
466 2154 601 2191 tanto
640 2145 829 2191 acutior
863 2154 910 2191 et
946 2143 1279 2191 vehementior
1310 2141 1446 2189 ardet
1479 2141 1600 2204 ignis
1644 2148 1691 2186 et
1721 2137 1966 2203 splendet,
2004 2136 2184 2201 absque
2218 2135 2409 2184 laesione

265 2223 362 2272 ulla
386 2223 643 2272 beatorum
666 2240 874 2289 corpora
895 2223 1168 2271 communis
1189 2221 1310 2270 fides
1328 2221 1493 2269 asserit
1514 2235 1814 2286 permanere,
1845 2227 1892 2265 et
1912 2218 2009 2265 hoc
2031 2217 2100 2264 eis
2117 2225 2229 2281 post
2249 2231 2408 2263 resur-

265 2303 532 2351 rectionem
562 2303 625 2351 ad
660 2303 863 2368 gloriam
891 2303 1122 2350 collatum
1152 2318 1279 2362 esse,
1314 2300 1448 2366 quod
1476 2301 1646 2348 animae
1673 2299 1947 2346 nullatenus
1971 2305 2147 2344 nostrae
2178 2295 2409 2343 sustinere

265 2382 517 2432 infirmitas
550 2384 720 2450 possit.
760 2384 839 2431 Sic
879 2384 1062 2449 quippe
1096 2392 1145 2431 et
1177 2398 1320 2430 sanos
1350 2381 1518 2429 oculos
1547 2379 1631 2426 lux
1669 2388 1853 2426 recreat
1888 2386 1938 2425 et
1973 2375 2190 2423 infirmos
2227 2383 2406 2439 gravat.

266 2464 385 2522 Quis
419 2465 565 2512 etiam
603 2464 820 2530 quotidie
854 2474 953 2512 tam
988 2463 1199 2511 diversas
1233 2462 1515 2510 animalium
1548 2476 1650 2507 non
1684 2459 1896 2524 experiat
1925 2466 2147 2516 naturas,
2186 2464 2238 2501 ut
2274 2453 2409 2518 quod

266 2543 472 2592 aliorum
499 2545 649 2593 vitam
675 2553 927 2592 construat
946 2543 1153 2592 aliorum
1176 2542 1437 2607 extinguat,
1471 2549 1520 2588 et
1540 2554 1803 2604 corporum
1821 2537 2010 2585 diversa
2040 2533 2375 2599 complexione
2391 2570 2404 2591 ,

268 2624 404 2688 quod
427 2625 511 2672 uni
533 2625 715 2691 profuit
734 2624 871 2673 alteri
892 2624 1095 2685 obsistit,
1118 2633 1218 2671 tam
1241 2622 1464 2670 animatis
1486 2620 1665 2668 scilicet
1685 2634 1833 2683 quam
1857 2615 2145 2664 inanimatis.
2175 2613 2408 2660 Homines

268 2702 360 2750 sub
388 2720 539 2768 aqua,
562 2706 716 2770 pisces
739 2704 830 2753 sub
854 2705 968 2753 divo
991 2705 1282 2752 moriuntur.
1312 2699 1639 2750 Salamandria
1662 2699 1730 2745 sic
1762 2697 1872 2761 igne
1891 2696 2052 2744 vivere
2082 2701 2295 2750 constat,
2323 2692 2408 2756 qui

270 2793 513 2831 maturum
545 2785 715 2833 ceteris
752 2784 1077 2833 animantibus
1104 2783 1241 2831 affert
1270 2782 1535 2830 interitum.
1571 2781 1825 2826 Venenum
1854 2777 1952 2823 vita
1983 2774 2241 2840 serpentis,
2278 2788 2409 2820 mors

270 2862 511 2926 hominis,
550 2873 598 2911 et
628 2863 799 2912 eadem
834 2864 937 2912 aliis
972 2862 1295 2911 animantibus
1322 2870 1513 2926 gustum
1547 2857 1763 2924 praebent
1796 2855 2116 2904 necessarium
2154 2852 2256 2900 aliis
2283 2867 2411 2899 mor-

272 2942 481 2990 tiferum.
524 2943 651 2991 Nihil
690 2944 894 2991 omnino
929 2953 1023 3006 est,
1064 2942 1200 3008 quod
1241 2940 1468 2989 omnibus
1501 2938 1652 3004 possit
1688 2935 1948 2987 convenire
1984 2933 2184 2982 naturis.
2222 2932 2318 2990 Qui
2352 2946 2409 2978 ex

271 3021 446 3070 eodem
476 3033 634 3086 utero,
669 3039 728 3071 ex
759 3023 932 3072 eodem
963 3033 1098 3089 patre
1130 3023 1274 3087 geniti
1304 3026 1663 3088 processerunt,
1698 3030 2006 3081 nequaquam
2039 3012 2210 3061 iisdem
2242 3011 2410 3059 vivunt

273 3101 514 3162 moribus,
540 3119 630 3151 nec
658 3103 829 3152 iisdem
857 3103 1035 3170 pariter
1067 3102 1210 3152 rebus
1232 3101 1552 3162 oblectantur,
1578 3097 1654 3147 vel
1678 3095 2010 3156 offenduntur,
2037 3109 2128 3142 nec
2151 3092 2211 3140 =in
2237 3089 2407 3140 eodem

317 3284 442 3326 ¹Sap.‚
465 3294 535 3326 cap.
553 3295 591 3326 v,
611 3294 638 3318 v.
658 3287 712 3320 21.
