2638 3866
820 216 877 264 1N
913 217 1244 266 EPISTOLAM
1278 219 1360 267 AD
1398 217 1697 267 ROMANOS.
2246 216 2338 265 493

192 320 338 367 Deus.
361 334 385 361 n
411 316 522 364 Dixi
551 334 562 363 :
591 315 740 377 Absit,
767 334 859 366 nec
882 317 1256 380 inconsiderate,
1282 319 1367 367 sed
1384 317 1605 385 provide,
1635 335 1747 366 cum
1772 319 1832 366 sit
1855 338 1878 363 α
1900 320 2030 366 Deus
2056 333 2215 377 verax,
2241 339 2262 362 υ
2291 317 2340 365 id

192 408 280 460 est,
307 397 489 447 stabilis
513 415 599 447 seu
621 398 884 447 immobilis
908 399 955 446 in
981 399 1056 447 his
1082 416 1189 464 quae
1214 401 1452 465 promittit
1472 410 1556 448 aut
1581 399 1811 465 praedicit.
2102 389 2105 393 .

263 499 286 523 ι(
306 480 479 528 Omnis
512 488 672 528 autem
693 479 845 527 homo
866 479 1092 541 mendax,
1117 500 1139 523 ι)
1166 480 1217 527 id
1240 489 1327 540 est,
1355 480 1597 529 mutabilis
1621 480 1670 527 in
1694 496 1783 527 suo
1816 481 2086 546 proposito,
2126 490 2178 529 ut
2217 480 2345 529 vide·

193 560 303 608 licet
326 559 461 609 facile
482 561 583 625 ejus
605 561 861 609 consilium
885 569 968 608 aut
989 559 1215 608 voluntas
1234 561 1409 608 mutari
1431 570 1591 626 queat.
1622 563 1762 608 Forte
1785 562 2015 626 quaeritur
2043 563 2082 609 si
2109 561 2262 610 homo
2296 562 2342 608 in

192 640 383 689 Christo
419 642 581 690 unitus
603 641 842 690 divinitati
865 642 1059 689 mentiri
1081 652 1164 690 aut
1185 658 1386 707 peccare
1410 642 1641 708 potuerit,
1662 642 1881 705 quamvis
1906 642 1955 689 in
1976 659 2036 690 eo
2059 643 2191 708 quod
2215 660 2344 710 prae—

193 722 392 770 missum
415 732 504 783 est,
536 742 558 766 «
574 732 644 771 est
667 732 828 771 autem
852 725 983 770 Deus
1005 738 1169 784 verax,
1192 743 1213 766 »
1235 732 1282 770 et
1305 723 1465 770 statim
1490 722 1802 787 subjunctum
1825 731 1913 780 est,
1955 743 1978 766 α
2009 724 2167 770 omnis
2187 733 2345 771 autem

193 802 345 851 homo
368 803 594 866 mendax,
622 823 646 849 υ
674 806 804 851 Deus
826 803 979 851 homo
1003 803 1222 851 exclusus
1245 803 1497 863 videatur3
1530 814 1581 851 ut
1603 803 1665 851 de
1687 820 1812 869 puro
1836 802 2036 851 homine
2061 813 2246 851 tantum
2271 821 2346 852 ac·

193 884 289 949 cipi
311 881 487 932 debeat
505 884 640 950 quod
664 884 848 933 dictum
870 894 958 945 est,
988 905 1010 929 (ι
1030 885 1190 933 omnis
1213 884 1366 932 homo
1390 883 1618 946 mendax,
1636 904 1659 928 υ
1687 900 1789 931 non
1815 883 1876 931 de
1898 884 2099 931 homine
2123 885 2207 949 qui
2225 886 2349 933 Deus

192 971 278 1012 est.
321 966 475 1014 Nemo
509 974 671 1014 autem
700 967 946 1031 ambigere
979 965 1124 1013 debet
1147 965 1403 1013 hominem
1438 965 1575 1013 illum
1611 968 1716 1012 Deo
1751 965 1961 1027 unitum,
2004 974 2261 1031 postquam
2306 966 2349 1013 ei

195 1045 357 1093 unitus
383 1054 470 1106 est,
498 1055 581 1093 aut
599 1045 719 1094 dum
743 1047 786 1094 ei
803 1047 967 1094 unitus
992 1056 1080 1107 est,
1105 1046 1380 1094 nullatenus
1399 1062 1600 1112 peccare
1630 1062 1773 1111 posse
1795 1063 1805 1092 ε
1834 1046 1955 1093 sicut
1975 1063 2087 1093 eum
2120 1046 2204 1110 qui
2236 1062 2351 1111 prae-

194 1124 460 1175 destinatus
482 1135 570 1187 est,
597 1137 856 1192 postquam
878 1127 1263 1194 praedestinatus,
1292 1126 1371 1175 vel
1396 1144 1509 1174 cum
1533 1127 1899 1193 praedestinatus
1914 1126 1989 1186 sit,
2008 1126 2228 1174 damnari
2251 1143 2350 1174 non

194 1222 352 1272 posse.
381 1210 439 1254 At
458 1223 574 1268 vero
598 1208 637 1255 si
661 1208 943 1274 simpliciter
968 1208 1145 1256 dicitur
1168 1207 1422 1256 hominem
1447 1207 1602 1268 illum,
1626 1208 1710 1272 qui
1731 1208 1893 1255 unitus
1916 1217 2003 1266 est,
2038 1207 2173 1254 nullo
2203 1206 2353 1254 modo

194 1303 394 1353 peccare
418 1305 581 1355 posse,
602 1298 761 1355 potest
784 1289 989 1355 quilibet
1011 1289 1269 1355 ambigere.
1297 1290 1346 1336 Si
1367 1290 1499 1337 enim
1524 1289 1715 1355 penitus
1739 1304 1940 1354 peccare
1959 1305 2059 1335 non
2080 1291 2254 1353 p'otest,
2272 1299 2354 1336 aut

194 1369 318 1417 male
341 1369 512 1429 facere,
537 1370 671 1435 quod
694 1372 920 1419 meritum
943 1371 1110 1430 habet,
1139 1371 1359 1419 cavendo
1394 1379 1647 1436 peccatum
1677 1369 1813 1434 quod
1843 1369 1977 1416 nullo
2015 1369 2164 1416 modo
2197 1379 2355 1435 potest

193 1451 513 1511 committere,
553 1461 636 1499 aut
666 1452 918 1516 quomodo
951 1453 1095 1499 etiam
1127 1469 1298 1500 cavere
1333 1451 1383 1499 id
1418 1450 1595 1499 dicitur
1630 1450 1767 1515 quod
1798 1449 2072 1497 nullatenus
2111 1450 2355 1497 incurrere

195 1531 384 1595 potest?
413 1531 550 1579 Unde
577 1532 802 1580 Boethius
824 1544 995 1581 contra
1014 1533 1261 1597 Eutychen
1285 1543 1335 1579 εἴ
1357 1533 1631 1580 Nestorium
1654 1531 1715 1578 de
1738 1530 1940 1578 homine
1963 1548 2109 1595 quem
2128 1533 2258 1578 Deus
2281 1547 2355 1588 as-

194 1612 398 1677 sumpsit
428 1630 438 1658 :
470 1633 494 1658 «
521 1613 751 1672 Quando,
786 1615 960 1679 inquit,
984 1614 1088 1662 fieri
1111 1624 1286 1680 potest,
1311 1623 1364 1661 ut
1392 1613 1537 1660 talem
1565 1613 1878 1678 assumpserit
1898 1610 2177 1672 hominem,
2204 1611 2357 1676 qualis

198 1691 347 1739 Adam
374 1692 462 1740 fuit
486 1702 599 1741 ante
621 1704 900 1759 peccatum,
927 1711 1041 1742 cum
1067 1695 1117 1742 in
1150 1694 1301 1742 Adam
1325 1694 1537 1760 potuerit
1560 1709 1662 1740 esse
1691 1692 1925 1758 peccandi
1959 1692 2182 1739 voluntas
2211 1703 2357 1756 atque

195 1771 418 1820 affectio?
436 1791 461 1818 »
488 1774 729 1839 Scriptum
753 1785 983 1840 praeterea
1005 1786 1076 1823 est
1107 1776 1157 1823 in
1179 1775 1322 1823 laude
1337 1775 1453 1840 justi
1473 1777 1483 1799 ¹
1509 1793 1518 1820 :
1539 1795 1561 1817 «
1583 1774 1680 1832 Qui
1704 1774 1861 1839 potuit
1883 1773 2169 1838 transgredi,
2191 1783 2237 1821 et
2257 1790 2355 1821 non

195 1861 265 1900 est
289 1862 632 1918 transgressus;
659 1854 814 1903 facere
838 1855 982 1918 mala,
1006 1866 1053 1904 et
1078 1873 1178 1903 non
1204 1856 1332 1915 fecit,
1355 1856 1442 1903 iste
1467 1856 1515 1902 in
1540 1854 1736 1902 excelsis
1753 1853 2011 1914 habitabit,
2031 1864 2125 1901 etc.
2147 1874 2169 1899 »
2190 1857 2246 1901 Et
2264 1854 2359 1902 hoc

194 1933 392 1999 quidem
416 1934 478 1982 ad
507 1934 715 1983 liberum
749 1935 964 1985 hominis
997 1936 1249 1986 arbitrium
1293 1938 1519 2003 pertinet,
1557 1945 1612 1983 ut
1646 1937 1694 1982 in
1724 1936 1827 2000 ejus
1858 1936 1918 1982 sit
1948 1945 2185 2001 potestate
2219 1952 2358 2000 agere

195 2014 320 2062 bene
344 2025 392 2063 et
421 2015 562 2063 male.
586 2016 732 2075 Quod
761 2018 801 2065 si
827 2018 1044 2066 Christus
1067 2035 1169 2066 non
1201 2018 1391 2076 habuit,
1417 2018 1573 2066 libero
1596 2016 1791 2064 videtur
1817 2017 2033 2082 privatus
2059 2017 2278 2078 arbitrio,
2313 2028 2358 2064 et
2433 2036 2441 2045 ³

196 2096 476 2144 necessitate
492 2097 654 2162 potius
678 2114 826 2162 quam
840 2098 1089 2147 voluntate
1113 2110 1367 2166 peccatum
1388 2116 1575 2158 cavere,
1602 2108 1648 2146 et
1672 2115 1729 2145 ex
1753 2107 1924 2145 natura
1949 2098 2110 2163 potius
2130 2114 2277 2162 quam
2302 2115 2356 2145 ex

197 2177 347 2239 gratia
369 2177 419 2224 id
440 2177 639 2226 habere.
664 2180 857 2245 Quippe
880 2181 1015 2245 quod
1038 2198 1126 2246 per
1143 2182 1343 2246 gratiam
1363 2181 1501 2245 cujus
1520 2179 1750 2228 collatum
1773 2189 1862 2236 est,
1890 2195 1946 2226 ex
1968 2178 2102 2226 dono
2127 2179 2172 2225 ei
2198 2180 2358 2244 potius

196 2273 343 2321 quam
381 2275 439 2305 ex
470 2268 649 2306 naturae
677 2276 773 2307 suae
803 2263 1099 2326 proprietate
1125 2263 1286 2324 venit,
1325 2279 1426 2310 non
1456 2271 1553 2309 tam
1577 2259 1795 2308 naturale
1818 2276 1966 2324 quam
1999 2261 2258 2324 gratuitum
2291 2272 2358 2308 est

197 2336 483 2400 dicendum,
510 2339 647 2403 quod
669 2356 728 2386 ex
753 2340 889 2388 dono
920 2341 1116 2390 alterius
1150 2343 1311 2409 potius
1345 2359 1494 2406 quam
1527 2359 1581 2390 ex
1614 2340 1753 2388 nobis
1788 2339 2040 2388 habemus
2072 2341 2191 2398 Quis
2214 2342 2356 2390 etiam

196 2428 338 2484 neget
362 2419 615 2467 hominem
639 2419 776 2468 illum
798 2439 858 2470 ex
877 2423 1039 2470 anima
1063 2433 1108 2471 et
1130 2440 1292 2479 carne,
1327 2424 1411 2487 qui
1435 2426 1540 2470 Deo
1563 2422 1728 2469 unitus
1750 2431 1838 2481 est,
1865 2421 1916 2468 in
1957 2438 2104 2469 unam
2136 2421 2357 2468 videlicet

197 2515 480 2565 personam,
516 2501 662 2548 etiam
685 2502 789 2551 sine
813 2504 894 2552 illa
918 2505 1119 2564 unione,
1146 2505 1270 2552 sicut
1301 2514 1498 2552 caeteros
1534 2503 1778 2562 homineS‚
1805 2503 1855 2549 in
1881 2519 1967 2550 sua
1997 2512 2168 2549 natura
2199 2503 2357 2549 consi-

197 2589 320 2628 stere
342 2581 517 2647 posse?
542 2582 765 2648 Alioquin
794 2585 997 2633 minoris
1019 2586 1294 2634 valitudinis
1317 2602 1420 2633 esse
1439 2584 1700 2645 videretur,
1727 2584 1766 2631 si
1791 2600 1878 2648 per
1898 2600 1950 2630 se
1972 2584 2075 2648 ipse
2101 2582 2356 2630 subsistere

199 2677 299 2707 non
330 2671 494 2727 posset
523 2663 647 2711 sicut
685 2666 842 2712 caeteri
874 2666 1128 2728 homines;
1166 2677 1213 2713 et
1251 2667 1402 2729 magis
1433 2664 1696 2712 accidentis
1727 2680 1875 2727 quam
1905 2663 2182 2710 substantiae
2217 2673 2355 2710 natu-

198 2757 302 2788 ram
323 2741 521 2789 habere.
544 2743 691 2801 Quod
714 2746 753 2791 si
776 2762 863 2810 per
884 2764 934 2794 se
958 2747 1103 2794 etiam
1126 2747 1354 2794 exsistere
1376 2756 1556 2811 posset,
1576 2761 1664 2791 cur
1691 2760 1790 2790 non
1813 2754 1860 2791 et
1883 2760 2082 2809 peccare
2105 2745 2173 2791 sic
2196 2755 2355 2809 posset

199 2831 251 2868 ut
276 2822 464 2869 caeteri?
488 2822 691 2870 ‘Videtur
713 2824 876 2889 itaque
906 2827 1049 2874 nobis
1072 2837 1125 2874 ut
1148 2827 1197 2873 in
1220 2826 1313 2874 hac
1341 2842 1556 2890 quoque,
1595 2825 1718 2872 sicut
1749 2825 1799 2871 in
1836 2825 2015 2872 caeteris
2049 2824 2208 2885 rebus,
2233 2826 2356 2873 vires

198 2903 591 2968 propositionum
626 2903 880 2967 diligenter
919 2906 1244 2966 attendamus,
1286 2905 1485 2971 quando
1526 2904 1750 2953 videlicet
1795 2921 1909 2952 cum
1957 2905 2357 2953 determinatione

200 2983 427 3047 possibile
449 2992 531 3030 aut
549 3000 742 3032 necesse
759 2987 976 3051 ponitur,
995 2997 1042 3033 et
1060 2987 1259 3051 quando
1280 2986 1560 3053 simpliciter
1576 2985 1881 3052 praedicatur,
1898 2985 1949 3033 id
1969 2996 2055 3045 est,
2078 2987 2179 3034 sine
2203 3003 2357 3052 appo-

199 3063 287 3110 sita
310 3063 732 3112 determinatione.
761 3069 940 3114 Verum
965 3068 1149 3134 quippe
1170 3077 1257 3128 est,
1280 3068 1320 3115 si
1342 3067 1622 3133 simpliciter
1640 3067 1828 3114 dicatur
1853 3067 1988 3132 quod
2007 3083 2118 3115 eum
2142 3069 2226 3132 qui
2243 3084 2357 3132 prae-

200 3143 465 3193 destinatus
483 3155 571 3205 est,
598 3155 646 3194 et
665 3147 748 3211 qui
771 3147 1031 3196 salvandus
1054 3158 1142 3212 est,
1167 3148 1396 3215 possibile
1418 3158 1490 3196 est
1509 3148 1747 3209 damnari,
1762 3164 1876 3195 cum
1900 3149 2104 3196 omnino
2128 3148 2355 3214 possibile

245 3325 251 3351 ἰ
270 3331 387 3372 Εοοῑί.,
408 3342 478 3375 οεψ.
499 3344 575 3367 xxxi
590 3361 596 3373 .,
613 3344 642 3367 v.
663 3339 710 3370 ιο.

364 3404 394 3429 11
2147 3396 2199 3432 25
