2638 3866
270 204 364 252 290
1077 205 1247 251 PETRI
1282 205 1597 255 ABAELARDI

270 318 361 354 tur.
389 305 649 364 Quomodo
677 305 796 353 solet
818 305 912 353 dici
940 305 1000 353 de
1023 306 1184 371 aliquo
1206 324 1215 352 :
1241 308 1397 355 Exivit
1419 318 1471 355 ut
1493 319 1777 372 moreretur,
1810 309 1861 357 id
1889 320 1957 358 est
1977 312 2139 373 exivit,
2164 321 2212 360 et
2237 311 2405 360 mortis

269 397 554 434 consecutus
593 395 662 433 est
697 386 929 434 effectus:
970 387 1034 434 ita
1069 397 1115 434 et
1147 387 1226 434 hic
1262 387 1435 435 dicitur
1470 408 1481 436 :
1520 389 1730 436 Excitavi
1772 399 1841 452 te,
1880 407 1936 439 ac
1968 408 2053 456 per
2095 391 2192 440 hoc
2238 401 2404 457 postea

271 466 457 514 ostendi
481 468 530 513 in
550 475 595 513 te
611 466 837 514 virtutem
860 484 1035 528 meam,
1064 468 1113 515 id
1137 478 1224 529 est,
1253 469 1302 515 in
1337 469 1411 516 his
1435 486 1541 534 quae
1565 470 1638 534 egi
1663 470 1790 519 circa
1813 481 1860 520 te
1881 482 1931 520 et
1955 482 2081 520 tuos.

340 568 361 590 «
383 551 506 610 Ergo
543 547 677 610 cujus
714 547 832 595 vult.
872 568 894 591 »
936 551 992 595 Et
1025 549 1090 596 ita
1130 558 1352 614 apparet,
1390 550 1546 615 inquit
1587 551 1870 617 Apostolus,
1909 569 1967 600 ex
1995 569 2204 619 persona
2241 551 2403 600 adhuc

271 627 575 692 opponentis,
600 627 734 692 quod
756 629 889 692 cujus
910 628 1013 677 vult
1035 630 1302 688 miseretur,
1331 640 1378 678 et
1401 648 1548 695 quem
1576 632 1678 680 vult
1706 632 1919 695 indurat,
1954 633 2004 681 id
2035 643 2124 695 est,
2163 650 2254 699 pro
2284 632 2404 680 velle

270 708 368 771 ejus
390 718 533 772 atque
552 695 751 756 arbitrio
772 710 933 775 ,potius
947 726 1094 775 quam
1119 727 1207 776 pro
1229 711 1411 767 meritis
1433 712 1529 759 suis
1563 712 1785 762 homines
1823 713 1897 761 vel
1925 714 2167 763 salvantur
2192 730 2280 778 per
2302 713 2402 776 ejus

269 788 661 849 misericordiam,
692 790 767 837 vel
792 790 1084 838 damnantur
1108 808 1194 856 per
1216 791 1317 855 ejus
1339 793 1388 839 in
1406 793 1614 858 peccatis
1632 794 1728 842 suis
1746 793 2121 857 indurationem,
2156 811 2301 859 quam
2333 794 2403 842 vi-

268 868 438 916 delicet
461 870 832 919 obdurationem
851 872 952 937 ipse
969 889 1068 920 non
1094 872 1368 921 miserando
1391 873 1554 934 efficit,
1584 883 1637 922 ut
1663 875 1731 923 sic
1755 874 1918 923 divino
1943 885 2100 922 totum
2121 874 2317 922 arbitrio
2340 874 2403 922 de

267 949 528 999 salvatione
567 952 640 999 vel
673 952 982 1000 damnatione
1018 952 1274 1001 hominum
1299 954 1610 1003 tribuendum
1633 972 1736 1003 esse
1757 956 1992 1003 videatur.
2042 975 2064 1003 α
2095 955 2223 1003 Dicis
2243 955 2402 1020 itaque

267 1030 402 1092 mibi,
427 1050 449 1076 »
476 1033 631 1097 inquit
647 1033 901 1098 Apostolus
926 1051 982 1081 ex
1005 1035 1198 1099 propria
1223 1052 1446 1100 persona,
1472 1036 1548 1084 vel
1571 1037 1896 1101 quorumlibet
1926 1036 2141 1085 fidelium
2173 1039 2329 1084 Deum
2351 1037 2401 1083 in

266 1111 491 1159 omnibus
512 1113 831 1174 laudantium,
858 1113 906 1161 id
930 1123 1016 1174 est,
1032 1124 1082 1162 tu
1101 1115 1270 1180 aliquis
1297 1117 1573 1181 quicunque
1592 1118 1654 1164 sis
1676 1117 2023 1165 rationabiliter
2046 1116 2204 1164 dicere
2228 1115 2401 1163 videris

264 1201 309 1237 et
334 1208 599 1257 opponere,
628 1204 681 1240 ut
706 1194 988 1259 supradictis
1021 1196 1303 1244 testimoniis
1331 1207 1379 1245 et
1411 1197 1695 1259 rationibuS,
1722 1197 1773 1245 id
1791 1198 1969 1246 scilicet
1986 1197 2120 1262 quod
2144 1196 2360 1261 sequitur
2386 1214 2395 1241 τ

267 1291 288 1313 «
317 1273 447 1329 Quid
481 1273 641 1322 adhuc
664 1276 881 1339 queritur
909 1294 930 1321 >1
960 1279 1114 1337 Deus,
1157 1276 1206 1324 id
1228 1287 1325 1339 est,
1360 1278 1489 1325 unde
1523 1289 1682 1344 potest
1708 1279 1835 1343 juste
1869 1279 2224 1344 querimoniam
2254 1276 2398 1325 ullam

262 1351 516 1399 adversum
542 1370 631 1402 nos
659 1371 872 1416 movere,
906 1355 967 1402 de
992 1356 1185 1404 offensis
1215 1358 1392 1405 scilicet
1418 1359 1620 1420 nostris,
1656 1359 1769 1423 quia
1802 1359 1961 1406 omnis
1996 1358 2219 1406 videlicet
2257 1356 2400 1422 culpa

260 1432 360 1495 ejus
383 1434 484 1481 sola
509 1435 585 1482 vel
613 1436 817 1483 maxime
838 1436 1027 1483 videtur
1052 1437 1287 1497 accidere,
1321 1455 1452 1497 cum,
1490 1448 1543 1486 ut
1574 1439 1758 1487 dictum
1791 1449 1879 1500 est,
1916 1455 2039 1504 quos
2063 1439 2167 1487 vult
2186 1438 2395 1498 induret,

258 1523 332 1574 et,
377 1525 432 1561 ut
464 1514 595 1563 nunc
640 1516 830 1578 dicitur,
867 1517 1103 1565 voluntati
1137 1519 1238 1582 ejus
1276 1536 1421 1567 nemo
1453 1530 1596 1584 queat
1624 1520 1857 1568 resistere.
1904 1540 1927 1564 c<
1964 1519 2155 1578 Adhuc,
2186 1518 2286 1566 »id
2308 1527 2395 1579 est,

258 1604 367 1657 post
391 1604 487 1642 tam
510 1597 761 1645 manifesta
782 1598 1055 1645 testimonia
1078 1599 1152 1645 vel
1183 1600 1390 1647 rationes
1433 1601 1482 1648 in
1523 1602 1878 1648 accusationem
1916 1599 2059 1647 illius.
2108 1620 2130 1645 «
2153 1595 2399 1647 Voluntati

258 1673 375 1737 ejus,
397 1694 420 1719 »
447 1675 496 1722 id
519 1687 587 1724 est
609 1677 929 1742 dispositioni,
954 1679 1013 1725 de
1032 1694 1128 1743 qua
1151 1680 1381 1744 scriptum
1401 1691 1469 1728 est
1487 1684 1524 1728 ¹:
1550 1701 1573 1727 ι(
1592 1685 1902 1746 Quaecunque
1925 1680 2078 1728 voluit
2099 1679 2224 1727 fecit.
2247 1699 2270 1724 n
2295 1680 2398 1727 Alio

257 1756 400 1803 etiam
425 1756 574 1804 modo
597 1757 772 1805 dicitur
797 1762 925 1806 Deus
945 1759 1083 1821 velle,
1105 1776 1205 1806 non
1229 1759 1534 1825 disponendo
1558 1762 1752 1822 scilicet,
1782 1762 1866 1809 sed
1905 1760 2206 1810 consulendo
2235 1759 2394 1821 nobis,

257 1845 309 1882 ut
325 1835 556 1884 faciamus
574 1854 660 1902 per
680 1855 786 1902 quae
805 1838 1060 1900 salvemur,
1077 1839 1213 1902 juxta
1228 1839 1395 1886 illud22
1424 1862 1446 1883 «
1464 1843 1661 1899 Quoties
1678 1841 1811 1889 volui
1826 1857 2135 1905 congregare,
2158 1850 2248 1887 etc.
2271 1861 2294 1883 »
2313 1843 2371 1887 Et
2384 1842 2398 1864 ⁸

260 1935 282 1959 «
311 1917 405 1974 Qui
427 1919 529 1965 vult
548 1935 717 1966 omnes
739 1919 894 1966 salvos
918 1919 1037 1982 fieri,
1065 1938 1088 1964 »
1114 1919 1166 1966 id
1183 1929 1255 1967 est
1273 1921 1479 1968 consulit
1501 1932 1555 1970 ut
1578 1923 1770 1980 faciant,
1792 1932 1888 1969 etc.

325 2017 347 2041 α
365 2000 408 2044 O
424 1998 574 2045 homo
595 2009 666 2045 tu.
692 2017 712 2043 υ
740 2002 842 2046 Hoc
863 1999 970 2046 loco
993 2001 1246 2065 Apostolus
1277 2002 1587 2067 suprapositis
1606 2002 1980 2066 objectionibUS,
2006 2017 2111 2065 quae
2138 2003 2295 2047 Deum
2312 2016 2391 2065 pe·

254 2078 381 2125 nitus
411 2079 461 2125 in
485 2079 678 2144 culpam
705 2079 892 2126 trahere
924 2080 1168 2141 videntur,
1211 2098 1268 2128 ex
1302 2099 1389 2129 sua
1423 2092 1557 2147 parte
1593 2082 1869 2148 respondet,
1896 2097 2073 2146 easque
2106 2079 2397 2129 sufficienter

253 2157 468 2206 dissolvit
486 2176 698 2224 congrua
721 2160 781 2207 de
804 2160 950 2223 figulo
971 2161 1168 2208 inducta
1190 2161 1517 2211 similitudine.
1548 2164 1674 2211 Dicit
1698 2164 1858 2229 itaque
1891 2162 2154 2228 quaestione
2174 2161 2395 2226 quaestio-

253 2255 364 2285 nem
387 2239 653 2288 dissolvens
676 2251 721 2288 et
745 2241 1050 2302 satisfaciens,
1075 2258 1104 2288 o
1127 2241 1298 2303 homo,
1324 2243 1374 2290 id
1397 2253 1469 2290 est
1500 2243 1702 2292 carnalis
1735 2253 1783 2291 et
1812 2244 1973 2309 potius
2002 2242 2220 2290 animalis
2248 2257 2394 2305 quam

253 2319 523 2383 spiritualis,
551 2322 633 2385 qui
655 2321 904 2386 hucusque
926 2322 975 2368 in
999 2325 1154 2369 Deum
1180 2323 1396 2370 invectus
1415 2341 1482 2382 es,
1508 2325 1644 2388 quasi
1661 2341 1773 2372 eum
1787 2323 1847 2371 de
1861 2323 2112 2388 iniqui-tate
2127 2321 2392 2385 arguendo,

253 2400 373 2447 sicut
390 2400 455 2447 ibi
479 2401 724 2466 inceptum
751 2411 821 2450 est
847 2420 857 2448 τ
891 2422 913 2445 <1
931 2402 1176 2466 Numquid
1212 2403 1438 2467 iniquitas
1469 2404 1601 2469 apud
1632 2405 1860 2452 DeumP»
1893 2413 1940 2451 et
1969 2412 2137 2468 postea
2168 2402 2396 2466 exemplis

252 2481 326 2527 vel
340 2482 605 2530 rationibus
620 2492 956 2547 exaggeratum
974 2492 1062 2529 est.
1087 2501 1108 2527 α
1126 2486 1195 2529 Tu
1212 2483 1318 2547 quis
1331 2500 1398 2542 es,
1422 2502 1445 2528 »
1461 2484 1678 2546 inquam,
1707 2503 1729 2529 «
1744 2484 1826 2548 qui
1844 2482 2138 2548 respondeas
2158 2484 2280 2541 Deo,
2300 2501 2324 2524 >›
2345 2480 2395 2528 id

254 2562 421 2626 estqui
436 2562 664 2625 justificas
683 2572 748 2623 te,
767 2564 850 2628 qui
873 2566 1028 2610 Deum
1043 2563 1200 2610 modis
1219 2562 1501 2629 supradictis
1514 2579 1726 2626 accusas,
1754 2564 1845 2628 ipsi
1865 2562 2105 2627 responde
2122 2570 2175 2609 ut
2189 2561 2393 2626 teipsum

254 2641 482 2691 defendas
503 2643 564 2690 ab
590 2644 964 2704 inconvenienti,
993 2645 1032 2691 si
1054 2653 1099 2690 te
1122 2644 1223 2708 ipse
1255 2643 1434 2691 scilicet
1469 2645 1536 2691 ita
1563 2645 1839 2708 interroget,
1867 2643 2030 2691 dicens
2055 2661 2066 2689 ε
2099 2662 2122 2685 «
2146 2641 2390 2705 Numquid

254 2720 366 2768 dicit
384 2722 681 2786 figmentum,
707 2745 729 2768 >³
758 2724 808 2771 id
831 2734 901 2771 est
918 2724 1042 2787 juste
1063 2733 1222 2789 potest
1241 2725 1473 2788 conqueri
1499 2724 1560 2771 de
1582 2724 1730 2787 figulo
1751 2722 1885 2788 quod
1910 2722 2004 2770 tale
2027 2723 2185 2787 ipsum
2209 2721 2385 2771 feeerit.

259 2820 280 2842 «
301 2802 615 2865 Figmentum,
633 2825 656 2847 >³
675 2804 724 2851 id
740 2815 810 2851 est
821 2821 905 2851 vas
919 2804 980 2852 de
994 2804 1098 2852 luto
1115 2804 1300 2864 fictum,
1312 2804 1363 2851 id
1378 2813 1448 2852 est
1461 2805 1805 2870 compositum.
1821 2805 2020 2867 Fingere
2036 2818 2392 2867 namquenam-

255 2896 435 2943 ponere
458 2882 648 2931 dicitur.
677 2887 787 2931 «An
815 2901 914 2931 non
939 2884 1085 2932 habet
1106 2895 1408 2949 potestatem,
1429 2904 1452 2928 n
1479 2885 1530 2932 id
1553 2895 1624 2932 est
1646 2901 1746 2932 non
1770 2885 1880 2932 licet
1913 2883 2059 2947 figulo
2084 2883 2185 2931 sine
2218 2882 2392 2945 injunia

254 2959 414 3024 aliqua
437 2978 580 3024 quam
603 2964 704 3010 vasi
725 2964 903 3011 scilicet
920 2965 1106 3024 inferat,
1136 2985 1158 3009 «
1178 2964 1308 3012 aliud
1330 2965 1526 3029 quidem
1553 2983 1634 3014 vas
1658 2965 1811 3012 facere
1834 2965 1884 3011 in
1906 2964 2166 3023 honorem,
2185 2982 2209 3007 ³>
2230 2961 2279 3011 id
2299 2971 2385 3020 est,

254 3040 316 3088 ad
333 3040 531 3104 aliquod
555 3041 837 3091 honorabile
858 3044 1087 3103 officium,
1109 3063 1133 3089 «
1150 3044 1278 3091 aliud
1294 3045 1343 3091 in
1358 3046 1717 3104 contumeliam,
1741 3045 1831 3092 »id
1850 3054 1921 3092 est
1936 3044 1998 3091 ad
2012 3041 2216 3107 aliquod
2229 3041 2323 3089 ,vile
2343 3050 2390 3089 et

254 3118 497 3184 abjectum
512 3121 829 3169 ministerium
844 3122 863 3168 Ρ
878 3126 937 3169 Et
949 3123 1046 3170 hoc
1067 3133 1154 3186 est,
1176 3126 1280 3170 «Ex
1299 3124 1467 3172 eadem
1484 3142 1638 3173 massa
1660 3134 1813 3184 terrae,
1833 3144 1859 3169 »
1882 3123 1935 3172 id
1957 3132 2029 3171 est
2042 3123 2186 3171 etiam
2204 3122 2244 3170 si
2254 3119 2390 3170 nulla

299 3305 305 3324 ⁸
322 3304 644 3346 Psalmcxxnmv.
663 3306 694 3339 6.
714 3322 751 3330 -
769 3306 870 3339 'Luc
890 3315 961 3347 cap.
979 3315 1051 3347 xm,
1068 3316 1099 3340 v.
1116 3308 1167 3342 34.
1186 3323 1227 3331 —
1242 3308 1254 3328 ³
1267 3308 1285 3339 1
1304 3307 1404 3349 Tim,
1420 3317 1491 3349 cap.
1511 3317 1553 3351 ιι,
1571 3318 1601 3341 v.
1620 3310 1653 3341 4.
