2638 3866
264 234 361 281 7112
1070 227 1242 277 PETRI
1275 228 1587 277 ABAELARDI

264 334 324 382 ab
345 333 435 381 illis
454 333 557 381 fieri
577 340 829 379 asseratur.
853 333 975 378 Ecce
995 330 1125 378 enim
1146 347 1175 378 a
1194 332 1337 379 Satan
1358 347 1415 379 ea
1434 348 1540 396 quae
1567 330 1659 379 Job
1689 331 1964 397 possidebat
1980 333 2136 384 ablata
2153 336 2387 399 videmus,

263 424 309 461 et
337 423 496 460 tamen
520 412 622 458 haec
651 427 678 458 a
700 413 803 458 Deo
835 409 925 458 sibi
947 409 1122 457 auferri
1145 409 1236 457 Job
1259 410 1359 476 ipse
1388 409 1640 476 profitetur
1667 411 1854 460 dicens¹
1884 431 1896 460 ε
1925 433 1949 459 «
1968 416 2204 464 Dominus
2226 417 2388 479 dedit,

265 493 498 539 Dominus
542 490 751 538 abstulit.
779 510 802 534 >³
830 489 968 537 Unde
1005 499 1166 537 autem
1201 499 1248 537 et
1279 489 1341 537 ad
1376 489 1494 537 illud
1525 491 1799 552 veniamus,
1836 492 1970 556 quod
2010 493 2391 544 Christianorum

264 580 447 617 mentes
488 571 644 618 carius
682 570 1054 636 amplectuntur,
1092 570 1179 617 etsi
1219 569 1307 617 tibi
1342 569 1420 617 vel
1464 569 1550 617 tibi
1585 570 1816 619 similibus
1862 572 2118 621 ridiculum
2155 574 2388 623 videatur.

263 649 470 697 Traditio
493 650 690 698 Domini
711 653 823 697 Jesu
844 650 893 697 in
921 666 1089 697 manus
1108 649 1405 712 Judaeorum,
1432 660 1530 698 tam
1552 650 1614 699 ab
1637 651 1742 716 ipso
1761 654 1873 699 Jesu
1894 668 2038 717 quam
2063 670 2091 701 a
2113 656 2216 701 Deo
2237 665 2389 719 patre,

264 731 337 776 vel
364 746 391 777 a
420 733 444 776 J
449 730 542 778 uda
565 730 794 778 traditore
815 729 919 778 fieri
942 740 1255 791 memoratur3
1287 746 1399 777 nam
1422 739 1470 778 et
1491 718 1823 779 Pater-Filium
1852 740 1900 779 et
1920 731 2064 780 Filius
2086 749 2134 780 se
2161 733 2321 798 ipsum
2345 744 2392 781 et

263 813 286 855 J
292 809 408 856 udas
434 810 642 858 eundem
664 810 913 858 tradidisse
944 810 1136 871 dicitur,
1164 827 1276 858 cum
1302 820 1463 858 tamen
1491 810 1542 857 in
1564 809 1753 872 talibus,
1774 810 1850 857 vel
1875 810 2122 871 diabolus,
2146 813 2221 860 vel
2246 814 2391 861 Judas

262 889 312 936 id
333 890 492 955 ipsum
514 890 692 951 fecerit,
717 890 851 954 quod
873 893 1018 938 Deus.
1054 893 1110 937 Et
1140 890 1180 937 si
1211 890 1333 938 forte
1357 890 1467 938 ideo
1489 889 1678 937 bonum
1709 889 1907 955 aliquod
1928 880 2180 939 'videantur
2205 893 2386 955 fecisse,

262 986 364 1016 non
389 979 547 1018 tamen
569 970 760 1018 dicendi
786 980 897 1018 sunt
922 970 1049 1018 bene
1073 969 1255 1018 fecisse.
1282 973 1373 1017 Aut
1403 970 1441 1016 si
1471 969 1667 1016 fecerint
1687 969 1736 1016 id
1761 969 1834 1017 vel
1860 969 1963 1018 fieri
1995 972 2234 1019 voluerint
2257 972 2391 1036 quod

262 1050 364 1096 vult
386 1048 488 1096 fieri
510 1052 664 1109 Deus,
690 1049 767 1097 vel
800 1049 1018 1097 eamdem
1054 1050 1271 1098 Faciendo
1303 1048 1484 1114 aliquid
1505 1048 1803 1097 voluntatem
1827 1049 2060 1112 habeant,
2087 1067 2231 1115 quam
2263 1054 2392 1099 Deus

261 1129 431 1190 habet,
458 1129 696 1194 numquid
718 1129 827 1177 ideo
860 1130 1140 1178 benefacere
1163 1129 1357 1178 dicendi
1379 1138 1514 1191 sunt,
1541 1129 1656 1194 quia
1677 1129 1853 1177 scilicet
1878 1130 2081 1193 faciunt,
2106 1131 2239 1195 quod
2263 1134 2391 1179 Deus

262 1210 360 1256 vult
378 1208 498 1272 fieri,
523 1221 604 1257 aut
626 1210 736 1258 ideo
760 1209 942 1258 bonam
961 1210 1143 1258 habent
1165 1211 1483 1271 voluntatem,
1510 1210 1622 1274 quia
1646 1200 1815 1257 volunt
1851 1209 1901 1257 id
1929 1210 2062 1275 quod
2085 1212 2247 1259 Deus?
2285 1214 2389 1258 Non

260 1290 442 1353 utique.
478 1290 576 1336 Etsi
598 1290 728 1337 enim
751 1290 944 1351 faciant,
968 1291 1043 1338 vel
1069 1291 1222 1338 facere
1243 1290 1411 1352 velint,
1439 1289 1572 1355 quod
1595 1293 1726 1338 Deus
1746 1290 1846 1338 vult
1872 1289 1999 1352 fieri,
2027 1307 2130 1338 non
2155 1300 2316 1338 tamen
2341 1291 2390 1337 id

260 1369 454 1429 faciunt,
482 1369 557 1416 vel
580 1370 734 1418 facere
758 1371 944 1430 volunt,
971 1371 1083 1435 quia
1106 1371 1306 1418 credant
1324 1374 1481 1418 Deum
1504 1370 1555 1418 id
1577 1370 1698 1418 velle
1726 1369 1857 1429 fieri3
1884 1387 1974 1418 nec
1997 1370 2165 1418 eadem
2188 1371 2390 1418 intentio

260 1460 330 1495 est
364 1449 413 1496 in
450 1449 623 1497 eodem
658 1450 781 1498 facto
813 1451 1006 1498 illorum
1042 1467 1189 1514 quam
1225 1451 1338 1511 Dei3
1367 1460 1414 1498 et
1433 1466 1728 1515 quamquam
1750 1449 1801 1496 id
1823 1449 1971 1497 velint
2003 1449 2138 1514 quod
2171 1452 2316 1509 Deus,
2345 1461 2392 1497 et

259 1528 426 1575 eadem
448 1530 640 1578 illorum
666 1541 712 1578 et
737 1531 825 1578 Dei
846 1531 1066 1578 voluntas
1096 1531 1207 1579 ideo
1237 1531 1331 1578 dici
1356 1531 1522 1596 possit,
1556 1529 1691 1595 quod
1716 1529 1844 1577 idem
1864 1530 2050 1591 volunt,
2081 1529 2205 1577 mala
2230 1539 2388 1577 tamen

258 1626 427 1656 eorum
454 1611 677 1658 voluntas
695 1621 783 1673 est,
812 1622 859 1659 et
884 1611 1014 1659 bona
1043 1612 1149 1671 Dei,
1175 1629 1286 1659 cum
1315 1611 1493 1659 scilicet
1522 1610 1573 1658 id
1602 1611 1799 1659 diversis
1832 1610 1890 1658 de
1917 1610 2070 1658 causis
2089 1610 2238 1657 velint
2267 1609 2387 1656 fieri.

257 1688 332 1734 Sic
366 1698 413 1735 et
440 1706 551 1736 cum
575 1691 745 1737 eadem
777 1692 836 1738 sit
859 1693 984 1739 actio
1016 1691 1335 1751 diversorum,
1370 1692 1483 1756 quia
1510 1690 1732 1738 videlicet
1758 1689 1889 1738 idem
1918 1699 2083 1754 agunt,
2119 1706 2209 1754 pro
2237 1688 2392 1736 diver-

258 1768 392 1815 sitate
426 1778 584 1816 tamen
622 1770 900 1818 intentionis
934 1772 1057 1818 actio
1089 1771 1232 1835 hujus
1264 1771 1394 1818 bona
1429 1781 1500 1818 est
1528 1780 1575 1818 et
1599 1771 1724 1819 illius
1760 1770 1914 1831 mala,
1952 1771 2065 1834 quia
2098 1785 2391 1833 quamquam

258 1847 384 1894 idem
405 1858 682 1914 operentur,
709 1859 869 1897 tamen
887 1850 1014 1898 bene
1029 1850 1125 1909 hic,
1149 1850 1227 1898 ille
1251 1851 1375 1899 male
1394 1851 1445 1898 id
1463 1851 1621 1916 ipsum
1644 1850 1775 1897 facit.
1798 1852 1857 1895 Et
1873 1849 2006 1914 quod
2023 1848 2156 1895 dictu
2173 1848 2391 1895 mirabile

257 1938 345 1985 est,
371 1945 722 1993 nonnunquam
744 1931 888 1978 etiam
912 1930 1045 1978 bona
1067 1940 1138 1978 est
1158 1931 1399 1990 voluntas,
1424 1947 1537 1978 cum
1556 1930 1662 1995 quis
1682 1929 1785 1977 vult
1801 1929 1862 1976 ab
1889 1929 2037 1976 altero
2060 1928 2241 1975 malum
2266 1927 2386 1988 fieri,

257 2007 367 2070 quia
399 2008 447 2056 id
478 2009 699 2057 videlicet
730 2010 861 2057 bona
890 2011 1157 2058 intentione
1189 2011 1309 2059 vult.
1346 2012 1478 2075 Saepe
1512 2026 1723 2074 namque
1751 2009 1987 2056 Dominus
2018 2024 2105 2073 per
2142 2006 2391 2055 diabolum

256 2087 330 2133 vel
354 2097 611 2151 tyrannum
633 2090 842 2155 aliquem
870 2090 1079 2138 decrevit
1102 2107 1185 2138 eos
1208 2090 1417 2154 affligere
1451 2091 1535 2154 qui
1569 2091 1851 2137 innocentes
1881 2097 2021 2145 sunt,
2047 2086 2123 2134 vel
2149 2087 2232 2151 qui
2260 2086 2389 2134 illam

258 2166 566 2216 afflictionem
601 2187 702 2217 non
739 2181 1018 2218 meruerunt
1037 2207 1050 2232 ,
1092 2171 1154 2218 ad
1188 2170 1528 2236 purgationem
1562 2169 1740 2217 scilicet
1773 2168 1971 2232 alicujus
2005 2167 2188 2232 peccati
2222 2182 2389 2213 eorum

258 2248 341 2310 qui
369 2247 660 2311 affliguntur,
687 2249 762 2297 vel
792 2250 854 2297 ad
884 2261 1197 2314 augmentum
1222 2251 1396 2310 meriti,
1424 2251 1521 2298 sive
1544 2249 1606 2297 ad
1629 2247 1903 2314 exemplum
1924 2247 2026 2295 aliis
2049 2246 2290 2317 dandum,
2315 2245 2392 2293 vel

258 2343 546 2392 quacunque
583 2345 727 2376 causa
761 2330 1059 2392 rationabili,
1097 2331 1316 2395 quamvis
1355 2330 1497 2378 nobis
1532 2329 1734 2377 occulta.
1775 2327 1915 2375 'Unde
1956 2336 2004 2375 et
2036 2326 2097 2373 de
2133 2342 2191 2373 eo
2227 2325 2386 2390 quod,

256 2407 559 2470 permittente
580 2410 809 2470 Domino,
835 2410 958 2458 bene
982 2410 1205 2459 diabolus
1237 2420 1419 2474 egerat,
1448 2410 1593 2469 malo,
1620 2408 1712 2455 Job
1737 2408 1954 2455 meminit
1973 2406 2138 2454 dicens
2168 2423 2178 2451 :
2210 2425 2232 2448 «
2261 2405 2389 2451 Sicut

256 2487 468 2533 Domino
491 2488 696 2553 placuit,
719 2489 786 2536 ita
807 2489 986 2536 factum
1008 2499 1096 2538 est.
1128 2509 1151 2535 »
1179 2489 1324 2548 Quod
1358 2489 1470 2553 quia
1500 2488 1625 2536 bene
1657 2505 1686 2536 a
1719 2487 1931 2535 Domino
1961 2485 2246 2551 permissum
2287 2500 2388 2530 esse

256 2582 356 2612 non
392 2566 602 2627 dubitet,
641 2567 893 2616 referendo
932 2570 975 2616 ei
1010 2571 1181 2633 gratias
1204 2568 1440 2630 ostendit,
1474 2584 1586 2615 cum
1611 2566 1746 2614 addit
1781 2587 1792 2614 ε
1822 2586 1845 2609 «
1866 2566 1936 2613 Sit
1971 2579 2151 2611 nomen
2192 2562 2389 2608 Domini

256 2646 579 2695 benedictum.
598 2667 620 2692 »
642 2647 780 2696 Liber
803 2665 998 2713 quoque
1018 2653 1196 2714 Regum
1219 2649 1410 2696 tertius*
1428 2648 1647 2714 spiritum
1666 2645 1949 2695 mendacem
1965 2644 2028 2692 ad
2050 2641 2390 2707 decipiendum

258 2726 418 2774 Achab
449 2728 653 2792 impium
684 2727 827 2776 docet
859 2746 887 2776 a
914 2730 1124 2777 Domino
1158 2730 1356 2776 missum
1384 2728 1543 2776 fuisse.
1576 2729 1699 2775 Cum
1730 2727 1860 2774 enim
1892 2725 2071 2773 diceret
2097 2722 2335 2770 Dominus
2372 2737 2384 2767 ε

261 2823 284 2848 «
306 2807 424 2863 Quis
458 2807 663 2872 decipiet
695 2807 894 2856 Achab?
921 2826 1134 2873 egressus
1161 2809 1355 2874 spiritus
1388 2807 1595 2856 mendax
1629 2806 1756 2854 stetit
1783 2821 1947 2853 coram
1977 2802 2189 2851 Domino
2217 2810 2264 2848 et
2285 2801 2350 2847 ait
2373 2819 2383 2846 :

263 2886 358 2948 Ego
387 2885 626 2950 decipiam
648 2887 799 2934 illum.
826 2888 914 2935 Cui
939 2888 1128 2936 locutus
1151 2898 1221 2936 est
1252 2888 1490 2935 Dominus
1517 2905 1527 2933 :
1558 2890 1611 2934 In
1633 2902 1732 2951 quo
1751 2885 1771 2931 ἱ)
1794 2887 1852 2933 Et
1873 2884 1951 2931 ille
1972 2883 2035 2931 ait
2058 2900 2069 2928 z
2097 2879 2321 2946 Egrediar
2342 2888 2390 2926 et

260 2979 342 3009 cro
370 2965 561 3028 spiritus
585 2966 790 3014 mendax
817 2968 867 3014 in
892 2984 976 3015 ore
1000 2970 1218 3015 omnium
1247 2967 1593 3034 prophetarum
1617 2966 1735 3030 ejus.
1771 2969 1830 3012 Et
1852 2964 1971 3011 dixit
1994 2962 2232 3010 Dominus
2255 2976 2266 3005 ε
2293 2961 2387 3004 De·

259 3042 406 3106 cipies
442 3052 489 3089 et
525 3045 827 3109 praevalebiS,
862 3046 1086 3110 egredere
1117 3057 1165 3095 et
1199 3048 1273 3095 fac
1313 3049 1394 3097 ita.
1422 3068 1445 3092 2>
1469 3045 1615 3105 Quod
1651 3044 1847 3110 quidem
1877 3041 2084 3091 Micheas
2115 3037 2349 3105 propheta
2371 3072 2383 3095 φ

258 3137 369 3168 cum
394 3137 556 3169 coram
577 3124 682 3187 ipso
710 3124 872 3172 Achab
894 3127 1212 3191 exposuisset,
1239 3127 1327 3174 sibi
1346 3126 1607 3175 revelatum
1630 3125 1788 3185 fuisse,
1814 3122 2014 3186 adjecit:
2037 3140 2059 3164 «
2079 3121 2214 3166 Nunc
2246 3116 2387 3179 igitur

304 3303 417 3345 'lob.,
434 3312 508 3346 cap.
525 3312 549 3345 ι,
565 3313 596 3338 v.
611 3306 663 3339 21.
683 3322 720 3328 —-
738 3306 860 3349 ²Re9.‚
878 3307 911 3349 1,
930 3315 1002 3350 cap.
1020 3316 1103 3351 xxii,
1125 3318 1156 3343 v.
1172 3311 1210 3345 21
1231 3315 1263 3344 et
1278 3317 1327 3352 sq·
