2638 3866
650 195 863 241 ΕΤΗΙΟΑ
901 195 1008 242 SEU
1044 193 1214 242 LlBER
1248 194 1487 242 DICTUS:
1529 194 1694 243 SClTO
1729 194 1998 242 TElPsUM.
2301 195 2396 241 603

255 309 536 362 peccamus,
583 311 694 341 cum
728 292 829 342 haec
866 295 1136 359 frequenter
1170 296 1274 342 sine
1310 305 1509 361 peccato
1546 296 1855 358 contingant3
1898 295 2020 341 sicut
2059 309 2086 340 e
2126 308 2393 351 converso,

257 391 519 424 consensus
555 375 658 422 sine
688 374 811 434 istis,
857 374 980 421 sicut
1002 375 1102 439 jam
1139 392 1193 423 ex
1226 386 1362 441 parte
1395 376 1786 437 monstravimus3
1820 373 1881 422 de
1917 374 2168 421 voluntate
2199 371 2397 437 quidem

257 456 359 504 sine
389 471 625 503 consensu
658 454 708 501 in
748 470 807 501 eo
842 454 923 518 qui
959 454 1128 501 incidit
1163 456 1210 501 in
1242 456 1680 521 concupiscentiam
1705 455 1816 502 visae
1853 453 2088 514 mulieris,
2129 453 2226 500 sive
2257 452 2396 501 alieni

258 535 455 594 fructus,
487 551 577 591 nec
604 543 764 582 tamen
787 533 851 582 ad
872 549 1161 581 consensum
1183 544 1447 600 pertractus
1479 545 1576 594 est3
1613 535 1674 582 de
1709 550 1948 582 consensu
1981 549 2097 581 vero
2135 532 2263 580 malo
2297 533 2399 580 sine

259 615 384 663 mala
406 613 811 679 concupiscentia,
838 612 886 659 in
912 612 993 660 illo
1017 614 1101 677 qui
1123 613 1301 672 invitus
1323 613 1577 661 dominum
1597 631 1749 665 suum·
1763 613 2011 661 interfecit.

324 698 396 742 De
417 694 491 742 his
509 704 668 741 autem
692 710 800 758 quae
822 691 924 740 fieri
943 709 1043 740 non
1068 692 1248 741 debent
1270 710 1419 758 quam
1441 707 1566 760 saepe
1588 694 1770 759 absque
1792 702 1993 759 peccato
2017 692 2152 753 fiant,
2179 709 2291 740 cum
2313 709 2399 758 per

258 776 357 822 vim
387 774 594 835 scilicet,
621 783 702 821 aut
733 773 1053 837 ignorantiam
1087 774 1468 830 committantur,
1505 774 1748 821 neminem
1783 773 1930 821 latere
1964 772 2178 819 arbitror
2207 790 2216 818 :
2254 771 2399 840 yeluti

258 855 297 901 si
331 870 437 919 quae
474 854 570 901 vim
604 869 759 918 passa,
795 869 907 900 cum
942 853 1046 899 viro
1072 852 1267 900 aiterius
1299 854 1645 913 concubuerit3
1687 852 1764 901 vel
1803 852 1974 917 aliquis
2011 867 2212 915 quoquo
2250 851 2399 899 modo

259 934 510 1000 deceptus,
541 949 651 981 cum
676 949 732 980 ea
754 932 1019 998 dormierit,
1046 949 1194 997 quam
1221 949 1422 980 uxorem
1452 934 1661 999 putavit3
1683 933 1759 981 vel
1781 950 1894 980 eum
1922 949 2008 997 per
2031 948 2243 979 errorem
2269 933 2400 980 occi-

259 1014 399 1075 derit,
437 1030 585 1078 quem
609 1029 636 1059 a
665 1029 716 1060 se
749 1022 980 1077 tanquam
1012 1030 1038 1059 a
1066 1012 1227 1077 judice
1260 1012 1834 1061 occidendumcredidit.
1864 1015 1968 1060 Non
2003 1021 2074 1059 est
2104 1012 2263 1072 itaque
2284 1028 2401 1077 pec—

260 1103 423 1142 catum
461 1109 667 1141 uxorem
689 1092 883 1140 alterius
904 1094 1268 1158 concupiscere,
1294 1093 1370 1140 vel
1401 1110 1514 1141 cum
1539 1110 1595 1141 ea
1622 1092 1966 1152 concumbere,
1992 1092 2075 1140 sed
2108 1092 2258 1156 magis
2287 1092 2401 1140 huic

247 1173 769 1239 ‘concupiscentiae51vei
783 1173 965 1221 actioni
976 1174 1270 1233 consentire,
1293 1190 1440 1238 quem
1457 1173 1675 1239 profecto
1689 1189 1980 1233 consensum
2001 1173 2402 1238 concupiscentiae

259 1256 336 1303 lex
348 1254 963 1320 concupiscentiam'vocat,
983 1272 1094 1303 cum
1106 1255 1186 1302 ait¹
1204 1272 1214 1300 ε
1234 1275 1256 1298 «
1273 1257 1379 1302 Non
1392 1256 1720 1321 concupisces3
1732 1275 1754 1298 >1
1772 1271 1871 1302 non
1894 1254 2025 1301 enim
2038 1254 2397 1319 concupiscere,

240 1335 393 1399 ¹quo'd
420 1335 566 1383 vitare
589 1351 691 1382 non
715 1351 990 1400 possumus,
1017 1335 1092 1382 vel
1119 1336 1168 1382 in
1193 1351 1310 1399 quc,
1338 1345 1389 1382 ut
1408 1335 1592 1383 dictum
1616 1345 1702 1395 est,
1726 1352 1826 1382 non
1851 1350 2124 1400 peccamus,
2151 1333 2401 1399 prohiberi

260 1416 444 1475 debuit,
467 1416 567 1464 'sed
595 1416 824 1464 assentire
857 1416 942 1463 illi.
981 1417 1059 1463 Sic
1086 1425 1132 1463 et
1161 1415 1278 1463 illud
1310 1415 1672 1480 intelligendum
1696 1426 1798 1476 est,
1833 1415 1966 1480 quod
2000 1416 2065 1462 ait
2095 1415 2360 1463 Dominus’
2387 1433 2396 1459 :

264 1517 288 1540 «
302 1497 399 1555 Qui
422 1496 595 1543 viderit
616 1497 868 1544 mulierem
887 1497 950 1544 ad
973 1496 1406 1561 concupiscendam
1428 1512 1562 1554 eam3
1586 1514 1610 1541 n
1625 1495 1721 1543 hoc
1747 1506 1816 1543 est
1840 1496 1952 1558 :qui
1972 1495 2144 1542 viderit
2165 1495 2250 1553 sic,
2277 1504 2329 1541 ut
2354 1495 2400 1558 in

260 1574 664 1641 concupiscentiae
683 1592 972 1624 consensum
1004 1576 1202 1632 incidat,
1230 1596 1254 1619 <c
1271 1576 1372 1639 jam
1385 1575 1652 1623 moechatus
1674 1576 1816 1622 est—‚in
1838 1574 1987 1622 corde
2009 1591 2118 1632 suo,
2142 1595 2166 1619 ι)
2182 1574 2280 1622 ⁴etsi
2300 1591 2398 1622 non

261 1655 527 1704 moechatus
559 1656 619 1703 sit
642 1656 692 1702 in
719 1673 892 1721 opere-3
918 1656 1014 1703 hoc
1042 1666 1128 1715 est,
1160 1656 1261 1720 jam
1288 1657 1472 1720 peccati
1501 1664 1686 1703 reatum
1708 1654 1881 1715 habet,
1915 1655 2001 1702 etsi
2030 1654 2190 1701 adhuc
2227 1653 2401 1701 effectu

262 1746 406 1784 caret.
553 1786 557 1792 Α
1063 1738 1066 1742 ’

326 1819 384 1863 Et
408 1818 447 1865 si
479 1814 731 1883 diligenter
750 1818 1129 1878 consideremus,
1166 1819 1460 1884 ubicumque
1488 1835 1635 1884 opera
1662 1817 2048 1883 subvpraecepm,
2084 1816 2158 1864 vel
2183 1815 2400 1882 prohibi-

259 1897 398 1944 tione·
425 1897 650 1945 concludi
686 1898 928 1959 videntur,
970 1900 1119 1964 magis
1151 1899 1253 1948 haec
1289 1900 1351 1947 ad
1386 1900 1703 1959 voluntatem,
1740 1899 1815 1946 vel
1850 1913 2137 1945 consensum
2171 1912 2397 1961 operum,

259 1977 495 2041 quam'ad
519 1978 621 2042 ipsa
651 1979 800 2043 optiva·
821 1979 1072 2027 referenda
1088 1978 1213 2028 sunt·
1237 1998 1247 2026 ε
1274 1980 1488 2044 alioquin
1509 1978 1628 2026 nihil
1653 1978 1787 2042 quod
1808 1978 1871 2025 ad
1899 1978 2123 2024 meritum
2146 1976 2397 2041 pertineat,

260 2055 350 2103 sub
374 2068 614 2122 praecepto
637 2069 920 2123 poneretur3
949 2070 996 2107 et
1017 2069 1152 2107 tanto
1176 2061 1333 2107 minus
1357 2060 1678 2125 praeceptione
1703 2067 1813 2104 sunt
1835 2057 2005 2120 digna,
2035 2065 2216 2120 quanto
2241 2056 2401 2102 minus

258 2138 507 2184 innostra
530 2147 774 2202 potestate·
798 2149 910 2186 sunt
931 2141 1201 2187 constituta.
1232 2140 1381 2187 Multa
1404 2139 1584 2203 quippe
1609 2147 1737 2197 sunt,
1766 2153 1796 2184 a
1819 2136 1994 2201 quibus
2020 2135 2209 2200 operari
2231 2134 2401 2200 perhi—

260 2215 448 2275 bemur,
474 2217 772 2264 voluntatem
793 2234 911 2264 vero
931 2234 1121 2284 semper
1142 2229 1191 2266 et
1205 2235 1495 2266 consensum
1515 2219 1566 2264 in
1591 2227 1757 2264 nostro
1776 2216 2011 2264 habemus
2035 2215 2263 2262 arbitrio„
2284 2218 2400 2262 Ecce

259 2297 496 2343 Dominus
520 2297 610 2344 ait³
636 2316 645 2343 :
672 2317 694 2341 «
711 2301 817 2344 Non
835 2298 1042 2345 occides.
1059 2299 1171 2347 'Non
1197 2298 1723 2347 falsumtestimonium
1748 2298 1935 2345 dices.»
1963 2299 2079 2355 Quae
2091 2297 2129 2343 si
2143 2296 2399 2361 deopera—

259 2376 391 2423 tione
412 2372 618 2437 tanturn,
657 2388 708 2424 ut
728 2375 875 2425 ‘verba
900 2389 1091 2440 sonant,
1118 2379 1942 2445 accipiamus,·‘nequaquamreatus
1965 2376 2293 2435 interdicitur„
2308 2392 2401 2423 nec

260 2457 400 2521 culpa
435 2458 501 2504 sic
524 2456 833 2521 prohibetur,
868 2459 953 2506 sed
987 2460 1113 2507 actio
1137 2459 1303 2524 culpae.
1340 2462 1448 2507 Non
1481 2459 1609 2506 enim
1634 2458 1881 2504 hominem
1907 2456 2128 2504 occidere
2153 2466 2399 2521 peccatum

261 2546 360 2594 est,
403 2553 492 2583 nec
528 2537 853 2585 concumbere
888 2555 1000 2585 cum
1038 2540 1192 2587 aliena
1238 2556 1415 2597 uxore,
1458 2556 1563 2603 quae
1603 2553 1954 2602 nonnunquam
1988 2535 2170 2600 absque
2205 2545 2400 2600 peccato

260 2618 496 2664 committi
531 2629 733 2683 possunt
767 2637 776 2664 :
814 2635 971 2683 neque
1005 2620 1136 2667 enim
1170 2620 1249 2667 ille
1280 2620 1363 2684 qui
1400 2619 1569 2666 salsum
1603 2619 1931 2665 testimouium
1964 2616 2065 2663 vult
2102 2616 2288 2673 dicere,
2328 2615 2400 2661 vel

261 2696 402 2743 etiam
436 2698 485 2743 in
522 2698 730 2745 dicendo
765 2699 1027 2760 consentit,
1066 2699 1336 2747 dummodo
1372 2699 1489 2746 illud
1524 2715 1623 2745 non
1659 2698 1805 2758 dicat,
1831 2713 2134 2761 quacumque
2170 2695 2230 2741 de
2261 2710 2402 2742 causa

235 2776 492 2846 reticens,
528 2794 637 2824 reus
669 2779 785 2841 legis
819 2778 1038 2839 efficitur,
1074 2781 1112 2826 si
1146 2778 1410 2844 prohibitio
1445 2778 1588 2841 hujus
1622 2778 1756 2824 modi
1791 2776 1852 2823 de
1885 2793 2056 2841 opere,
2098 2774 2400 2822 sicutverba

261 2866 459 2916 sonant,
491 2858 768 2921 accipiatur.
797 2861 902 2905 Non
929 2860 1058 2906 enim
1087 2859 1270 2906 dictum
1293 2869 1389 2918 est,
1423 2868 1475 2905 ut
1508 2874 1608 2905 non
1641 2857 1842 2904 velimus
1875 2856 2045 2904 falsum
2074 2855 2400 2915 testimonium

260 2936 448 2994 dicere,
488 2936 561 2983 vel
603 2954 687 2984 ore
720 2939 766 2983 in
802 2938 1009 2985 dicendo
1043 2939 1427 2996 consentiamuS,
1464 2937 1549 2985 sed
1586 2937 1912 2997 solummodo,
1950 2953 2013 2984 ne
2043 2936 2277 2983 dicamus.
2312 2938 2402 2983 Aut

259 3033 371 3063 cum
407 3016 480 3063 lex
515 3016 762 3081 prohibet,
802 3035 862 3066 ne
894 3034 1084 3066 sorores
1112 3029 1301 3067 nostras
1331 3018 1589 3078 ducamus,
1627 3018 1703 3066 vel
1732 3018 2221 3083 eispermisceamur,
2256 3032 2401 3063 nemo

261 3097 343 3160 qui
367 3096 462 3152 hoc
487 3107 786 3162 praeceptum*
804 3115 989 3146 servare
1010 3100 1160 3164 possit
1173 3114 1320 3160 scum
1348 3115 1492 3147 nemo
1508 3114 1708 3146 'sorores
1730 3114 1838 3146 suas
1867 3114 2208 3161 recognoscere
2228 3106 2371 3160 queat
2386 3134 2397 3156 ,

307 3280 525 3320 'Deut.,cap.
547 3291 577 3320 v,
597 3292 624 3312 v.
645 3284 696 3314 21,
716 3300 754 3305 ο-
801 3283 928 3323 Mami„
945 3291 1016 3322 can.
1036 3293 1069 3322 v,
1098 3292 1126 3314 v.
1145 3286 1198 3317 28.
1218 3300 1261 3307 -
1281 3284 1293 3304 ³
1310 3276 1423 3320 Deua,
1447 3292 1520 3321 can.
1537 3292 1568 3315 v.
1590 3284 1623 3316 17
1643 3288 1675 3315 et
1692 3285 1732 3316 20
