2638 3866
295 230 393 277 304-
1104 227 1273 273 PETRI
1309 225 1620 274 ABAELARDI

295 328 577 392 intelligetis,
619 336 666 374 et
700 326 913 374 videntes
950 326 1172 374 videbitis
1208 335 1254 374 et
1292 343 1391 374 non
1436 325 1673 374 videbitis.
1718 329 2033 375 lucr-assatum
2071 338 2141 376 est
2174 331 2306 378 enim
2343 347 2428 378 cor

296 408 463 473 populi
488 407 647 470 hujus,
679 416 771 454 etc.
794 426 817 451 υ
843 411 979 455 Nunc
1008 424 1121 472 ergo
1144 423 1338 454 sensum
1362 407 1489 454 lsaiae
1512 406 1702 453 videtur
1731 407 1985 472 Apostolus
2007 408 2104 456 suis
2127 410 2429 458 sermonibus
2465 439 2468 441 Δ

295 487 564 552 protulisse.
599 487 823 541 Similiter
854 497 901 534 et
924 487 983 534 de
1006 487 1079 534 his
1114 486 1383 534 faciendum
1419 502 1524 550 quae
1552 486 1613 533 de
1649 487 1804 534 David
1833 489 2065 554 scriptura
2102 491 2423 555 pronunciat:

299 587 321 612 «
354 568 454 614 Fiat
485 582 649 614 mensa
685 583 851 614 eorum
873 605 884 626 ,
916 577 1006 614 etc.
1040 587 1061 611 υ
1103 587 1124 607 u
1159 567 1388 632 Spiritum
1418 567 1833 631 compunctionis,
1869 577 1960 616 etc.
1991 588 2014 612 η
2046 569 2096 630 id
2133 578 2215 616 est
2243 568 2430 616 invidiae

295 657 341 694 et
375 646 506 707 odii,
546 646 721 710 quibus
765 664 932 694 eorum
976 658 1156 694 mentes
1197 657 1555 712 pungerentur,
1603 647 1654 694 id
1697 657 1766 695 est
1805 648 2164 697 stimularentur
2205 649 2431 697 adversus

294 727 535 774 Christum
573 736 619 774 et
651 745 780 775 suos.
824 748 846 771 ι(
881 728 1083 789 Oculos,
1111 749 1133 771 ›>
1170 728 1219 774 id
1258 738 1328 776 est
1358 728 1593 775 rationem
1633 745 1717 793 per
1750 745 1801 776 se
1833 729 1996 777 videre
2031 746 2130 776 non
2164 730 2426 789 valentem,

297 828 320 853 «
347 818 392 855 et
417 825 577 868 aures,
610 827 631 852 υ
656 808 706 855 id
729 817 799 855 est
827 825 927 855 non
954 808 1047 856 alio
1072 808 1277 856 docente
1300 809 1631 872 intelligentes.
1663 829 1685 854 «
1712 810 1814 857 Fiat
1838 827 2003 877 mensa
2024 828 2210 858 eorum.
2234 831 2257 856 n
2280 811 2431 869 ,Quod

293 905 348 934 ex
382 889 499 936 Isaia
534 889 608 935 vel
639 906 694 936 ex
735 888 912 935 David¹
939 889 1128 936 videtur
1158 890 1482 954 assumptum,
1515 890 1565 936 in
1599 899 1802 955 utroque
1840 907 2165 942 unussensus
2192 891 2431 956 quodam-

293 968 441 1015 modo
483 970 754 1034 exponitur.
790 987 811 1012 »
852 971 967 1015 Item
1011 986 1020 1014 :
1069 989 1091 1012 «
1135 968 1263 1016 [dem
1298 969 1432 1033 quod
1467 969 1584 1017 dixit
1624 990 1646 1013 ιι
1684 971 1731 1017 in
1769 971 2069 1036 captionem,
2104 993 2125 1015 »
2165 972 2213 1018 in
2245 971 2431 1019 Psalmo

293 1064 391 1094 non
418 1047 622 1094 habetur
647 1049 903 1113 scriptum,
933 1065 1089 1112 neque
1112 1049 1160 1095 in
1187 1066 1304 1109 Lxx,
1331 1066 1488 1113 neque
1514 1051 1562 1096 in
1591 1049 1811 1098 Hebraeo.
1846 1054 1902 1098 Et
1936 1069 2128 1099 rursum
2159 1053 2209 1098 in
2243 1051 2432 1098 Psalmo

290 1127 496 1175 habetur
522 1148 544 1171 (ι
571 1144 733 1174 coram
766 1128 906 1193 ipsis;
935 1148 958 1173 »
993 1129 1244 1194 Apostolus
1273 1140 1434 1177 autem
1456 1147 1557 1177 non
1581 1131 1742 1195 posuit
1767 1149 1791 1176 «
1819 1148 1982 1179 coram
2006 1132 2136 1198 ipsis.
2161 1151 2184 1176 υ
2223 1153 2246 1176 «
2271 1133 2433 1180 Mensa

291 1224 460 1255 eorum
488 1224 656 1266 ¹coram
686 1208 798 1268 illis,
827 1227 849 1252 »
881 1209 929 1255 id
958 1219 1028 1257 est
1063 1210 1297 1275 scriptura
1332 1212 1504 1258 veteris
1541 1212 1829 1259 Testamenti
1860 1213 1927 1260 eis
1958 1213 2152 1274 tradita,
2188 1222 2236 1260 et
2273 1200 2334 1260 ab
2367 1214 2433 1261 eis

291 1289 608 1353 frequentata,
654 1288 783 1336 unde
822 1289 984 1337 cibum
1031 1291 1200 1338 animae
1241 1291 1555 1355 intelligentes
1598 1303 1826 1355 sumunt,
1868 1314 1890 1337 «
1934 1294 1981 1340 in
2007 1279 2253 1357 ,laqueum
2292 1303 2339 1341 et
2383 1294 2431 1340 in

290 1370 588 1434 captionem,
624 1388 647 1412 »
683 1369 732 1416 id
765 1379 835 1416 est
864 1380 914 1417 ut
945 1370 1193 1435 laqueum,
1227 1388 1324 1436 quo
1358 1371 1446 1437 ipsi
1476 1388 1574 1418 non
1604 1372 1724 1420 alios
1752 1374 1965 1438 capiant,
1997 1374 2083 1422 sed
2110 1375 2359 1440 capiantur
2387 1384 2433 1421 et

290 1449 619 1509 detineantur,
655 1466 715 1496 ne
749 1450 825 1498 via
851 1451 1059 1498 veritatis
1091 1451 1343 1512 incedant,
1379 1469 1484 1516 quae
1516 1452 1607 1500 ait²
1636 1471 1646 1499 :
1678 1472 1702 1499 «
1739 1456 1837 1517 Ego
1873 1471 1980 1501 sum
2017 1456 2116 1516 via,
2151 1455 2352 1514 veritas,
2386 1464 2434 1501 et

290 1530 409 1588 vita,
442 1548 464 1574 »
498 1529 612 1576 dum
645 1530 822 1577 scilicet
855 1522 970 1578 nihil
1009 1531 1075 1578 ibi
1112 1533 1307 1596 mystice
1338 1533 1598 1597 accipiant,
1634 1533 1719 1581 sed
1752 1534 1815 1582 ad
1845 1534 2051 1583 litteram
2087 1552 2191 1600 quae
2231 1534 2428 1601 occidit,

292 1619 463 1655 cuncta
483 1619 727 1674 exponant
745 1647 757 1670 ,
787 1610 862 1656 vel
900 1629 921 1654 «
944 1611 992 1657 in
1020 1613 1291 1676 captionem
1308 1650 1319 1671 ‚
1346 1632 1368 1657 »
1393 1613 1511 1660 dum
1546 1630 1668 1680 saepe
1691 1615 1902 1662 Domino
1940 1614 2011 1663 vel
2046 1615 2218 1663 sanctis
2249 1617 2434 1662 Docto-

292 1687 423 1735 ribus
458 1689 828 1752 confligentibus
863 1706 973 1737 cum
1011 1692 1094 1749 eis,
1131 1691 1206 1739 his
1246 1710 1350 1757 quae
1385 1693 1444 1740 de
1477 1695 1709 1759 scriptura
1740 1697 1807 1743 eis
1838 1695 2131 1760 objiciuntur
2161 1696 2434 1743 testimonia

292 1769 353 1814 ita
380 1770 635 1834 capiuntur
657 1780 705 1816 et
739 1772 1146 1835 constringuntur,
1181 1782 1234 1819 ut
1268 1790 1317 1819 se
1353 1774 1576 1838 expedire
1611 1774 1672 1822 ab
1701 1775 1901 1840 objectis
1926 1793 2026 1823 non
2054 1775 2254 1823 valeant.
2282 1776 2433 1833 Quale

292 1858 359 1895 est
399 1848 516 1895 illud
558 1849 691 1914 quod
734 1851 972 1898 Dominus
1012 1852 1079 1898 eis
1120 1854 1346 1918 opposuit
1382 1853 1574 1901 dicens³
1612 1873 1622 1901 ε
1666 1875 1688 1900 «
1733 1855 1996 1914 Quomodo
2035 1872 2147 1919 ergo
2181 1855 2343 1903 *David
2384 1856 2432 1902 in

290 1929 456 1994 spiritu
483 1940 624 1978 vocat
653 1947 763 1978 eum
796 1922 1085 1994 Dominum,
1111 1944 1202 1981 etc.
1235 1955 1256 1978 »
1300 1955 1322 1977 «
1352 1938 1402 1980 In
1434 1923 1715 1983 scandalum
1738 1946 1786 1983 et
1814 1937 1861 1983 in
1890 1936 2258 1984 retributionem
2283 1957 2306 1979 »
2339 1935 2433 1983 hoc

291 2019 360 2056 est
403 2011 451 2056 in
491 2010 855 2058 retributionem
896 2013 1108 2061 scandali
1153 2015 1322 2063 animae
1362 2032 1482 2075 suae,
1521 2015 1570 2063 id
1607 2026 1678 2063 est
1716 2016 2070 2076 damnationis,
2104 2033 2203 2063 non
2236 2015 2429 2074 salutis,

290 2090 589 2138 secundum*
622 2092 823 2139 verbum
865 2094 1093 2153 Domini,
1134 2111 1232 2159 quo
1269 2096 1359 2142 ait⁵
1387 2115 1396 2143 :
1429 2118 1451 2140 <c
1481 2100 1562 2144 Est
1597 2098 1681 2162 qui
1721 2107 1910 2146 accuset
1950 2115 2036 2145 vos
2078 2100 2294 2161 Moyses,
2322 2117 2344 2140 ³>
2388 2108 2435 2145 et

290 2171 555 2218 secundum
588 2172 722 2237 quod
751 2174 1007 2238 Apostolus
1037 2175 1177 2221 dicit⁶
1205 2193 1214 2221 :
1247 2194 1271 2220 «
1298 2179 1356 2222 Et
1379 2178 1462 2240 qui
1488 2178 1536 2224 in
1561 2177 1663 2242 lege
1686 2179 1989 2243 peccaverint
2018 2194 2104 2244 per
2125 2177 2279 2242 legem
2305 2177 2435 2241 judi-

290 2250 542 2298 cabuntur.
574 2272 595 2296 υ
621 2253 910 2301 Scandalum
933 2255 1078 2302 etiam
1106 2256 1181 2303 lex
1204 2256 1270 2303 eis
1300 2256 1422 2304 sacta
1455 2267 1549 2315 est,
1578 2258 1771 2305 offensae
1803 2269 1849 2306 et
1888 2258 2230 2323 indignationis
2260 2274 2428 2316 causa,

290 2347 401 2377 cum
436 2331 586 2378 multa
630 2333 871 2380 Christum
911 2345 958 2381 et
1001 2352 1114 2382 suos
1154 2336 1229 2382 vel
1261 2336 1422 2384 dicere
1463 2336 1537 2384 vel
1572 2337 1725 2385 facere
1762 2339 2005 2400 viderent,
2053 2356 2158 2404 quae
2198 2339 2291 2403 legi
2316 2355 2432 2386 con-

290 2411 434 2458 traria
459 2411 726 2459 crederent.
757 2413 895 2460 Unde
923 2414 1042 2463 illud
1070 2425 1141 2465 est
1165 2415 1299 2479 quod
1323 2416 1569 2463 dixerunt⁷
1592 2435 1602 2462 :
1631 2421 1766 2464 «Nos
1790 2419 2064 2467 audivimus
2093 2436 2148 2466 ex
2173 2419 2293 2482 lege,
2322 2420 2433 2483 quia

290 2489 507 2538 Christus
529 2501 691 2540 manet
713 2494 761 2540 in
785 2503 1034 2541 aeternum.
1058 2514 1081 2537 2>
1126 2515 1147 2538 c<
1172 2494 1520 2543 Obscurentur.
1552 2516 1575 2541 »
1602 2497 1741 2544 Unde
1764 2498 2043 2545 scandalum
2076 2498 2172 2545 hoc
2202 2498 2432 2563 procedat

292 2570 365 2617 vel
387 2570 680 2635 illaqueatio,
707 2574 961 2638 supponit,
984 2591 1040 2622 ex
1064 2575 1377 2623 excaecatione
1399 2577 1576 2624 scilicet
1598 2577 1836 2642 ipsorum,
1859 2588 1905 2625 et
1932 2578 2190 2644 cupiditate
2217 2587 2433 2626 terreno2-

293 2669 416 2709 rum,
451 2669 555 2717 quae
589 2670 778 2718 semper
810 2655 857 2701 in
891 2655 1065 2702 Judaeis
1097 2656 1301 2703 maxima
1325 2666 1505 2721 regnat.
1539 2677 1561 2702 «
1590 2660 1810 2706 Incurva.
1835 2679 1857 2701 »
1883 2658 2098 2707 Verbum
2127 2668 2198 2706 est
2228 2659 2431 2723 impera·

293 2733 440 2779 tivum
459 2768 471 2791 ,
498 2749 553 2780 ac
576 2734 614 2779 si
639 2733 823 2781 dicatur
848 2753 858 2780 ε
884 2738 951 2781 Τυ
975 2737 1121 2793 Deus,
1149 2736 1347 2784 incurva
1370 2737 1571 2786 dorsum
1593 2755 1788 2799 eorum,
1815 2749 1866 2786 ut
1889 2739 2149 2804 cupiditate
2172 2738 2432 2805 appetendi

295 2818 507 2871 terrena,
534 2829 633 2859 non
668 2814 909 2878 erigantur
933 2814 995 2862 ad
1020 2815 1243 2863 coelestia.
1279 2817 1555 2865 Notandum
1578 2834 1694 2865 vero
1717 2818 1995 2883 hujusmodi
2033 2819 2179 2867 verba
2207 2835 2313 2883 quae
2345 2819 2431 2865 im-

294 2891 579 2951 precationis
612 2893 836 2941 videntur
870 2911 981 2942 cum
1016 2911 1042 2942 a
1079 2897 1253 2943 sanctis
1284 2896 1530 2959 dicantur,
1569 2900 1718 2963 magis
1752 2899 1815 2947 ad
1839 2899 2172 2965 propheticam
2203 2899 2428 2946 enuncia-

293 2967 474 3015 tionem
499 2987 645 3033 quam
669 2973 729 3019 ad
754 2974 1039 3021 desiderium
1063 2976 1283 3023 vindictae
1315 2979 1570 3041 pertinere,
1599 2988 1652 3026 ut
1679 2979 1899 3027 videlicet
1929 2996 2041 3027 cum
2069 2979 2241 3027 dicitur
2266 2999 2276 3024 :
2309 2978 2424 3039 Fiat,

294 3046 385 3093 tale
409 3048 468 3094 sit
496 3065 551 3095 ac
581 3051 616 3096 si
643 3052 994 3115 praediceretur.
1031 3056 1161 3102 Sicut
1191 3056 1319 3102 enim
1345 3058 1639 3123 quandoque
1669 3059 1828 3107 futuro
1858 3059 2099 3107 indicativi
2131 3058 2261 3106 modi
2293 3058 2428 3106 verbi

338 3270 1317 3320 *Psalrmtxv1u,v.23.—²Joan..cap.x1v‚v.6.—⁸Matth.‚
1390 3281 1541 3314 Domini.
1562 3298 1598 3305 -
1619 3284 1631 3303 ⁵
1645 3280 1758 3321 Joan.‚
1780 3289 1852 3323 cap.
1875 3290 1911 3322 v,
1934 3289 1963 3314 v.
1987 3281 2039 3315 45.
2059 3297 2100 3305 —-
2116 3282 2128 3302 ⁶
2144 3282 2258 3321 Rom.‚
2285 3289 2357 3322 cap.
2381 3289 2423 3320 1¹2

293 3333 365 3364 cap.
381 3333 458 3365 xxxi,
475 3334 503 3356 v.
518 3327 641 3359 43.-⁴
654 3326 734 3360 Male
748 3328 842 3361 Amb.
861 3329 933 3363 Non
947 3329 1083 3363 salutis.
1098 3331 1164 3364 Sed
1179 3331 1317 3365 verbum
1391 3343 1422 3366 v.
1442 3336 1491 3368 12.
1510 3352 1547 3358 —
1565 3336 1575 3356 ⁷
1589 3333 1682 3368 Joan.
1695 3348 1708 3376 ,-
1722 3343 1794 3376 eap.
1819 3344 1882 3376 xu,
1899 3343 1928 3368 v.
1948 3336 1999 3368 34.
