2638 3866
319 241 415 288 486
1121 233 1292 285 PETRI
1327 232 1644 282 ABAELARDl

314 340 546 403 injuncta,
566 337 835 386 videbimus
852 347 1144 404 praeceptum
1167 334 1543 384 circumcisionis
1565 350 1666 382 non
1686 332 1829 381 fuisse
1852 333 2086 397 generale,
2106 335 2191 382 sed
2213 335 2275 384 ad
2297 337 2443 385 Abra-

312 418 427 467 ham
443 429 628 466 tantum
651 428 699 466 et
715 435 879 466 semen
898 418 1024 466 illius
1045 417 1301 483 pertinere,
1317 414 1369 463 id
1385 424 1457 463 est
1478 415 1623 476 Isaac,
1643 412 1834 461 dicente
1851 414 2061 464 Domino
2082 413 2145 462 ad
2161 414 2440 475 Abraham¹,

315 499 472 563 «quia‘
499 499 548 545 in
580 501 709 546 Isaac
739 498 992 547 vocabitur
1024 497 1110 546 tibi
1144 513 1306 544 semen
1324 530 1337 553 ,
1366 515 1389 540 n
1418 511 1519 543 non
1554 495 1603 543 in
1637 493 1807 542 Ismael
1836 493 2073 543 videlicet.
2103 495 2242 544 Unde
2263 507 2311 546 et
2332 515 2443 547 cum

309 579 718 626 circumcisionem
741 579 977 626 Dominus
1002 577 1199 627 Abrahae
1221 576 1501 642 praeciperet
1523 575 1637 623 ait’:
1664 577 1808 623 «Hoc
1830 574 1921 622 erit
1943 584 2137 640 pactum
2159 576 2282 626 inter
2299 594 2376 627 me
2398 589 2443 626 et

310 668 369 719 te,
388 668 434 705 et
450 675 611 706 semen
629 668 766 707 tuum
784 669 894 725 post
911 669 975 707 te.
993 677 1015 703 »
1033 658 1261 722 Origenes
1278 672 1474 721 quoque
1490 672 1635 721 super
1650 655 1776 704 hanc
1790 655 2051 721 Epistolam
2067 656 2118 703 in
2134 657 2444 723 sequentibus

306 748 468 803 aperte
500 740 744 787 convincit
768 757 823 787 ex
848 740 962 805 ipsis
984 738 1085 786 aliis
1107 737 1362 802 Scripturae
1389 736 1546 784 verbis
1561 773 1574 798 ,
1601 736 1692 784 soli
1716 736 1901 802 populo
1931 736 2075 785 Israel
2108 747 2155 785 et
2180 740 2443 788 vernaculis

304 835 473 866 eorum
495 820 571 867 vel
598 821 771 886 emptis
803 819 1031 885 pecunia,
1058 817 1437 866 circumcisionis
1475 817 1666 882 signum
1698 817 1840 865 fuisse
1871 827 2180 883 praeceptum.
2213 820 2440 885 Exposito

304 915 512 964 namque
536 900 618 948 illo
641 900 898 948 versiculo³
920 916 931 947 ε
959 919 981 944 α
1007 899 1055 945 Si
1077 899 1222 962 igitur
1245 897 1532 963 praeputium
1551 898 1757 962 justitias
1781 897 1898 963 legis
1915 897 2181 960 custodiat,
2203 908 2292 946 etc.
2319 919 2342 944 »
2368 900 2440 948 di-

300 978 501 1043 ligenter
522 981 893 1028 circumcisionis
918 978 1204 1028 mandatum
1223 987 1368 1043 atque
1392 971 1628 1027 rationein
1652 977 1912 1026 discutiens
1934 979 2000 1026 ait
2024 996 2035 1024 :
2073 998 2096 1023 «
2123 982 2228 1027 Non
2261 981 2441 1046 impor-

300 1069 473 1108 tunum
500 1061 688 1108 videtur
717 1060 1093 1109 circumcisionis
1121 1058 1393 1124 generalem
1417 1059 1654 1107 discutere
1677 1060 1934 1107 rationem.
1967 1059 2095 1107 Dixit
2118 1060 2354 1109 Dominus
2377 1062 2439 1109 ad

301 1139 539 1188 Abraham
561 1160 570 1187 :
604 1162 624 1185 «
651 1145 716 1188 Tu
742 1151 901 1189 autem
925 1150 1266 1189 testamentum
1288 1157 1451 1190 meum
1475 1140 1711 1200 servabis,
1735 1150 1783 1188 et
1802 1157 1948 1188 omne
1975 1157 2140 1189 semen
2162 1150 2300 1190 tuum
2331 1153 2440 1207 post

304 1240 324 1262 ι(
347 1229 392 1267 te
414 1221 463 1267 in
489 1223 815 1285 generationes
841 1238 967 1269 suas.
988 1224 1047 1268 Et
1069 1221 1164 1269 hoc
1184 1230 1257 1270 est
1279 1230 1617 1270 testamentum
1642 1221 1765 1269 inter
1787 1237 1866 1269 me
1889 1231 1936 1269 et
1958 1238 2063 1283 vos,
2086 1230 2134 1268 et
2149 1222 2273 1269 inter
2296 1238 2373 1270 me
2392 1232 2439 1270 et

301 1318 325 1342 «
346 1300 470 1347 inter
493 1302 705 1349 medium
727 1302 921 1349 seminis
947 1302 1015 1349 tui
1038 1312 1149 1368 post
1170 1312 1234 1350 te.
1266 1301 1646 1351 Circumcidetur
1677 1318 1825 1350 omne
1856 1300 2173 1350 masculinum
2196 1311 2435 1362 vestrum,

299 1399 321 1424 «
345 1390 390 1426 et
411 1398 531 1446 puer
552 1383 601 1429 in
626 1392 794 1430 octava
809 1382 903 1430 die.
923 1382 1305 1432 Circumcidetur
1326 1383 1373 1430 in
1394 1382 1532 1430 vobis
1553 1382 1712 1430 omnis
1727 1382 1967 1431 masculus
1983 1382 2032 1430 in
2053 1381 2438 1446 generationibus

298 1480 319 1502 «
343 1462 524 1523 vestris,
554 1464 839 1511 vernaculus
862 1473 908 1511 et
934 1464 1137 1529 pecunia
1161 1473 1368 1530 emptus.
1398 1482 1420 1507 »
1446 1463 1768 1511 Discutiamus
1790 1473 1950 1511 utrum
1975 1461 2260 1510 mandatum
2282 1473 2330 1510 et
2354 1479 2437 1511 eos

292 1541 375 1604 qui
395 1558 451 1588 ex
474 1543 693 1605 gentibus
716 1543 1021 1592 crediderant
1039 1544 1353 1608 constringat.
1376 1547 1634 1608 Nunquam
1659 1543 1770 1593 fecit
1792 1543 2042 1609 proselyti,
2069 1542 2120 1590 id
2142 1552 2213 1590 est
2240 1543 2437 1592 advenae

291 1623 604 1683 mentionem,
628 1624 710 1672 sed
732 1624 1046 1672 vernaculum
1066 1642 1277 1685 servum,
1301 1626 1375 1673 vel
1395 1625 1550 1691 pretio
1575 1634 1840 1673 mercatum
1861 1622 2140 1672 circumcidi
2155 1622 2311 1687 jubet,
2335 1641 2435 1673 non

289 1701 512 1751 liberum.
538 1708 892 1753 perscrutemur
913 1723 1028 1771 ergo
1056 1708 1246 1754 Levitici
1264 1706 1444 1772 legem‘
1469 1725 1479 1753 ε
1502 1727 1525 1750 (ι
1554 1709 1789 1770 Loquere,
1821 1727 1843 1749 n
1872 1705 2056 1770 inquit,
2089 1723 2112 1749 «
2140 1703 2246 1753 filiis
2268 1706 2431 1766 lsrael,

293 1802 315 1824 «
341 1793 389 1830 et
410 1783 539 1832 dices
561 1786 622 1833 ad
641 1803 724 1834 eos
749 1805 758 1833 :
787 1786 958 1836 Mulier
981 1788 1020 1835 si
1046 1788 1285 1853 pepererit
1309 1785 1596 1849 masculum,
1618 1796 1788 1834 octava
1810 1785 1888 1834 die
1919 1785 2255 1848 circumcidet,
2290 1795 2382 1833 etc.
2407 1807 2430 1828 »

288 1866 476 1912 Intuere
513 1877 557 1913 et
589 1867 685 1915 hoc
719 1868 1138 1933 quemadmodum
1168 1868 1229 1916 de
1262 1868 1366 1932 lege
1399 1867 1776 1916 circumcisionis
1811 1876 1996 1914 tantum
2028 1866 2092 1915 ad
2129 1866 2255 1914 filios
2292 1868 2431 1914 Israel

287 1945 471 2008 Moyses
502 1946 636 2012 loqui
667 1948 910 2012 jubeatur,
939 1959 986 1998 et
1007 1949 1385 2014 alienigenarum
1424 1948 1558 1998 nulla
1592 1948 1653 1996 sit
1685 1948 1866 1996 mentio
1883 1984 1895 2008 ‚
1921 1964 2036 1995 cum
2064 1948 2115 1995 in
2141 1946 2430 2012 quibusdam

286 2026 522 2075 mandatis
541 2045 642 2075 non
661 2030 821 2077 solum
840 2030 949 2078 filiis
968 2030 1128 2090 lsrael,
1152 2029 1237 2078 sed
1263 2039 1311 2078 et
1331 2029 1584 2095 proselytis
1603 2038 1652 2077 et
1673 2028 1869 2077 advenis
1888 2028 2133 2093 loquatur.
2157 2029 2431 2076 Necessario

286 2106 450 2169 utique
473 2108 776 2158 observanda
799 2110 1040 2158 distinctio
1065 2121 1157 2171 est,
1180 2111 1295 2176 quia
1317 2111 1440 2160 sicut
1464 2109 1532 2158 ibi
1556 2109 1750 2171 dicitur,
1778 2129 1801 2155 «
1825 2110 2024 2174 loquere
2045 2108 2109 2158 ad
2133 2111 2308 2168 Aaron,
2339 2127 2362 2154 n
2384 2119 2431 2156 et

285 2184 420 2247 alibi,
448 2207 470 2232 «
494 2189 556 2236 ad
574 2189 699 2237 filios
719 2194 874 2239 Aaron
890 2228 902 2249 ‚
934 2211 957 2235 »
986 2201 1034 2239 et
1055 2190 1169 2239 alibi
1195 2212 1219 2236 «
1246 2191 1307 2239 ad
1332 2191 1542 2251 Levitas,
1570 2211 1592 2235 »
1618 2201 1805 2239 certum
1826 2199 1898 2238 est
1919 2207 2020 2238 non
2044 2190 2292 2254 subjacere
2323 2189 2430 2236 reli-

283 2281 404 2328 quos
420 2266 495 2315 his
513 2269 723 2332 legibus3
747 2282 795 2318 et
819 2271 951 2336 quod
981 2271 1089 2319 filiis
1105 2272 1321 2337 jubetur,
1351 2289 1439 2320 nec
1464 2271 1740 2334 alienigenae
1758 2271 1991 2320 memoria
2014 2270 2109 2318 ulla
2135 2269 2214 2331 fit,
2238 2286 2338 2317 non
2360 2280 2429 2317 est

282 2349 549 2410 putandum
569 2367 829 2399 commune
848 2369 950 2399 esse
972 2352 1275 2414 mandatum,
1294 2352 1377 2400 ubi
1395 2352 1730 2418 appellationis
1746 2351 1952 2400 habetur
1966 2351 2201 2416 exceptio.
2221 2351 2298 2398 Sic
2315 2367 2427 2415 ergo

281 2443 381 2474 non
404 2429 523 2478 alius
545 2432 802 2495 quisquam
826 2433 1206 2481 circumcisionis
1223 2434 1327 2498 lege
1352 2433 1713 2496 constringitur,
1741 2433 1831 2479 nisi
1856 2449 1913 2480 ex
1932 2431 2171 2479 Abraham
2193 2430 2426 2494 originem

281 2508 487 2571 trahens,
515 2512 589 2559 vel
610 2513 898 2560 vernaculus
918 2530 1107 2575 eorum,
1129 2514 1205 2561 vel
1227 2514 1382 2579 pretio
1407 2523 1613 2578 emptus.
1642 2513 1723 2560 Vis
1745 2522 1905 2560 autem
1927 2511 2108 2572 videre,
2133 2511 2248 2574 quia
2273 2510 2425 2558 sicubi

282 2587 380 2633 vult
405 2591 548 2638 etiam
569 2592 858 2657 alienigenas
881 2610 979 2641 una
999 2594 1268 2659 eademque
1292 2593 1395 2658 lege
1417 2594 1661 2651 connecti,
1684 2591 2006 2655 significanter
2027 2590 2278 2639 ostendat?
2305 2591 2425 2638 Audi

282 2666 398 2729 quid
437 2673 666 2735 scriptum
700 2675 818 2721 sit⁵:
851 2694 876 2720 «
911 2678 1071 2722 Homo
1103 2691 1159 2722 ex
1197 2673 1305 2722 filiis
1340 2674 1481 2724 lsrael
1513 2684 1561 2721 et
1594 2674 1822 2733 advenis,
1851 2672 2130 2737 quicunque
2163 2670 2425 2719 manduca-

286 2765 307 2788 «
332 2749 451 2794 verit
478 2766 673 2798 omnem
699 2756 1001 2818 sanguinem,
1034 2755 1246 2803 animam
1268 2754 1399 2803 illam
1423 2754 1725 2819 disperdam,
1748 2755 1863 2817 quia
1892 2753 2054 2800 anima
2083 2753 2241 2802 omnis
2269 2752 2424 2800 carnis

285 2844 307 2868 «
330 2829 517 2891 sanguis
547 2831 670 2879 illius
702 2844 797 2895 est,
821 2845 869 2883 et
898 2852 988 2900 ego
1014 2834 1127 2882 dedi
1150 2835 1288 2883 vobis
1323 2845 1376 2882 ut
1411 2852 1468 2885 ex
1497 2836 1603 2901 ipso
1629 2850 1773 2900 super
1795 2834 1943 2882 altare
1966 2833 2310 2898 propitiaretur
2331 2847 2421 2895 pro

285 2923 307 2949 ι(
334 2906 584 2956 animabus
611 2913 800 2974 vestris,
823 2916 939 2979 quia
961 2915 1153 2980 sanguis
1174 2933 1264 2980 pro
1286 2916 1449 2965 anima
1476 2914 1703 2981 expiabit.
1726 2935 1749 2958 »
1772 2913 1917 2961 Vides
1948 2929 2063 2976 ergo
2085 2911 2212 2959 hanc
2235 2910 2388 2974 legem
2405 2947 2417 2968 ‚

282 3002 385 3048 quae
409 2997 454 3033 et
471 2988 664 3038 advenis
687 2992 799 3041 data
823 3005 911 3053 est,
933 2995 1178 3044 observari
1201 3013 1229 3044 a
1252 2996 1394 3044 nobis
1414 2997 1498 3060 qui
1517 3013 1572 3043 ex
1593 2995 1814 3060 gentibus
1836 2993 2093 3043 credimus.
2119 2995 2244 3055 Ergo
2266 2991 2419 3055 legem

280 3062 340 3108 de
375 3063 707 3116 observatione
745 3073 987 3135 sanguinis
1035 3090 1346 3122 communem
1392 3090 1502 3121 cum
1546 3073 1653 3121 filiis
1691 3072 1834 3124 Israel
1868 3081 1916 3119 et
1961 3070 2190 3118 Gentium
2224 3069 2419 3134 suscipit

337 3270 475 3309 ¹Genes.,
493 3281 562 3311 cap.
577 3282 645 3311 xxi,
661 3278 743 3308 v.12
775 3293 814 3299 —
827 3277 837 3294 ²
851 3278 978 3317 Gema,
997 3289 1067 3319 cap.
1088 3289 1209 3320 xvn,v.
1226 3284 1256 3313 Ἰ.
1275 3297 1309 3303 -
1330 3281 1340 3299 ³
1357 3280 1467 3319 Rom,
1484 3288 1554 3319 cap.
1577 3288 1611 3317 ιι,
1630 3289 1660 3309 v.
1677 3280 1727 3311 26.
1746 3294 1782 3300 -
1798 3278 1807 3295 ⁴
1824 3277 1944 3316 Lem„
1962 3284 2033 3315 cap.
2050 3283 2108 3314 χιι,
2125 3284 2153 3306 v.
2172 3277 2203 3306 2.
2218 3292 2249 3296 --
2271 3276 2281 3292 ³
2297 3272 2413 3311 Lade„

279 3331 349 3362 cap.
370 3333 445 3364 xvii,
464 3334 493 3357 v.
515 3326 552 3357 10
568 3334 585 3356 e
617 3336 665 3365 sq.
