<?xml version="1.0" encoding="UTF-8"?>
<!DOCTYPE html PUBLIC "-//W3C//DTD XHTML 1.0 Transitional//EN"
    "http://www.w3.org/TR/xhtml1/DTD/xhtml1-transitional.dtd">
<html xmlns="http://www.w3.org/1999/xhtml" xml:lang="en" lang="en">
 <head>
  <title>
</title>
<meta http-equiv="Content-Type" content="text/html;charset=utf-8" />
  <meta name='ocr-system' content='tesseract 3.04.00' />
  <meta name='ocr-capabilities' content='ocr_page ocr_carea ocr_par ocr_line ocrx_word'/>
</head>
<body>
  <div class='ocr_page' id='page_1' title='image "./operahactenusseo00abeluoft_0694.png"; bbox 0 0 2638 3866; ppageno 0'>
   <div class='ocr_carea' id='block_1_1' title="bbox 292 209 1614 280">
    <p class='ocr_par' dir='ltr' id='par_1_1' title="bbox 292 209 1614 280">
     <span class='ocr_line' id='line_1_1' title="bbox 292 209 1614 280; baseline -0.006 0"><span class='ocrx_word' id='word_1_1' title='bbox 292 233 388 280; x_wconf 76' lang='lat'>684</span> <span class='ocrx_word' id='word_1_2' title='bbox 1097 228 1266 274; x_wconf 81' lang='lat' dir='ltr'>PETRl</span> <span class='ocrx_word' id='word_1_3' title='bbox 1300 209 1614 274; x_wconf 81' lang='lat' dir='ltr'><strong>ABAELARDI</strong></span> 
     </span>
    </p>
   </div>
   <div class='ocr_carea' id='block_1_2' title="bbox 269 326 2419 3179">
    <p class='ocr_par' dir='ltr' id='par_1_2' title="bbox 286 326 2419 711">
     <span class='ocr_line' id='line_1_2' title="bbox 291 326 2414 392; baseline -0.003 -14"><span class='ocrx_word' id='word_1_4' title='bbox 291 332 485 392; x_wconf 87' lang='lat' dir='ltr'>meritis,</span> <span class='ocrx_word' id='word_1_5' title='bbox 513 329 734 376; x_wconf 90' lang='lat' dir='ltr'>nondum</span> <span class='ocrx_word' id='word_1_6' title='bbox 765 328 965 374; x_wconf 85' lang='lat' dir='ltr'>excitata</span> <span class='ocrx_word' id='word_1_7' title='bbox 1001 327 1212 373; x_wconf 89' lang='lat' dir='ltr'>hominis</span> <span class='ocrx_word' id='word_1_8' title='bbox 1250 328 1457 383; x_wconf 89' lang='lat' dir='ltr'>ratione,</span> <span class='ocrx_word' id='word_1_9' title='bbox 1483 327 1628 374; x_wconf 90' lang='lat' dir='ltr'>alium</span> <span class='ocrx_word' id='word_1_10' title='bbox 1664 342 1779 374; x_wconf 89' lang='lat' dir='ltr'>vero</span> <span class='ocrx_word' id='word_1_11' title='bbox 1814 342 1905 392; x_wconf 91' lang='lat' dir='ltr'>pro</span> <span class='ocrx_word' id='word_1_12' title='bbox 1941 326 2119 373; x_wconf 86' lang='lat' dir='ltr'>meritis</span> <span class='ocrx_word' id='word_1_13' title='bbox 2159 326 2414 391; x_wconf 88' lang='lat' dir='ltr'>optimum,</span> 
     </span>
     <span class='ocr_line' id='line_1_3' title="bbox 290 405 2419 474; baseline -0.003 -16"><span class='ocrx_word' id='word_1_14' title='bbox 290 422 336 458; x_wconf 89' lang='lat' dir='ltr'>et</span> <span class='ocrx_word' id='word_1_15' title='bbox 354 411 512 458; x_wconf 64' lang='lat' dir='ltr'>‘alium</span> <span class='ocrx_word' id='word_1_16' title='bbox 547 409 826 474; x_wconf 88' lang='lat' dir='ltr'>pessimum.</span> <span class='ocrx_word' id='word_1_17' title='bbox 859 410 957 454; x_wconf 90' lang='lat' dir='ltr'>Hos</span> <span class='ocrx_word' id='word_1_18' title='bbox 981 417 1142 454; x_wconf 90' lang='lat' dir='ltr'>autem</span> <span class='ocrx_word' id='word_1_19' title='bbox 1178 406 1302 453; x_wconf 90' lang='lat' dir='ltr'>duos</span> <span class='ocrx_word' id='word_1_20' title='bbox 1332 407 1692 472; x_wconf 89' lang='lat' dir='ltr'>comparatione</span> <span class='ocrx_word' id='word_1_21' title='bbox 1713 405 1921 453; x_wconf 90' lang='lat' dir='ltr'>duorum</span> <span class='ocrx_word' id='word_1_22' title='bbox 1951 405 2154 453; x_wconf 91' lang='lat' dir='ltr'>aliorum</span> <span class='ocrx_word' id='word_1_23' title='bbox 2177 405 2419 471; x_wconf 86' lang='lat' dir='ltr'>praesentis</span> 
     </span>
     <span class='ocr_line' id='line_1_4' title="bbox 287 485 2414 552; baseline -0.002 -16"><span class='ocrx_word' id='word_1_24' title='bbox 287 491 411 551; x_wconf 85' lang='lat' dir='ltr'>vitae,</span> <span class='ocrx_word' id='word_1_25' title='bbox 438 489 519 552; x_wconf 91' lang='lat' dir='ltr'>qui</span> <span class='ocrx_word' id='word_1_26' title='bbox 542 505 624 535; x_wconf 88' lang='lat' dir='ltr'>eos</span> <span class='ocrx_word' id='word_1_27' title='bbox 649 496 1002 552; x_wconf 77' lang='lat' dir='ltr'>promerentur,</span> <span class='ocrx_word' id='word_1_28' title='bbox 1032 503 1276 533; x_wconf 89' lang='lat' dir='ltr'>summum</span> <span class='ocrx_word' id='word_1_29' title='bbox 1309 487 1494 534; x_wconf 91' lang='lat' dir='ltr'>bonum</span> <span class='ocrx_word' id='word_1_30' title='bbox 1518 496 1564 534; x_wconf 91' lang='lat' dir='ltr'>et</span> <span class='ocrx_word' id='word_1_31' title='bbox 1588 502 1831 533; x_wconf 88' lang='lat' dir='ltr'>summum</span> <span class='ocrx_word' id='word_1_32' title='bbox 1863 485 2041 532; x_wconf 89' lang='lat' dir='ltr'>malum</span> <span class='ocrx_word' id='word_1_33' title='bbox 2075 485 2170 532; x_wconf 92' lang='lat' dir='ltr'>dici</span> <span class='ocrx_word' id='word_1_34' title='bbox 2191 485 2414 544; x_wconf 75' lang='lat' dir='ltr'>arbitror,</span> 
     </span>
     <span class='ocr_line' id='line_1_5' title="bbox 287 562 2419 632; baseline -0.002 -17"><span class='ocrx_word' id='word_1_35' title='bbox 287 585 344 615; x_wconf 92' lang='lat' dir='ltr'>eo</span> <span class='ocrx_word' id='word_1_36' title='bbox 378 568 510 632; x_wconf 93' lang='lat' dir='ltr'>quod</span> <span class='ocrx_word' id='word_1_37' title='bbox 545 566 674 613; x_wconf 83' lang='lat' dir='ltr'>nihil·</span> <span class='ocrx_word' id='word_1_38' title='bbox 695 567 882 614; x_wconf 90' lang='lat' dir='ltr'>adversi</span> <span class='ocrx_word' id='word_1_39' title='bbox 917 566 990 612; x_wconf 90' lang='lat' dir='ltr'>vel</span> <span class='ocrx_word' id='word_1_40' title='bbox 1017 566 1233 631; x_wconf 89' lang='lat' dir='ltr'>prosperi</span> <span class='ocrx_word' id='word_1_41' title='bbox 1268 566 1336 613; x_wconf 88' lang='lat' dir='ltr'>eis</span> <span class='ocrx_word' id='word_1_42' title='bbox 1372 567 1432 613; x_wconf 82' lang='lat' dir='ltr'>sit</span> <span class='ocrx_word' id='word_1_43' title='bbox 1464 566 1752 626; x_wconf 88' lang='lat' dir='ltr'>admixtum,</span> <span class='ocrx_word' id='word_1_44' title='bbox 1793 581 1906 613; x_wconf 91' lang='lat' dir='ltr'>cum</span> <span class='ocrx_word' id='word_1_45' title='bbox 1946 564 2063 612; x_wconf 86' lang='lat' dir='ltr'>alios</span> <span class='ocrx_word' id='word_1_46' title='bbox 2091 563 2215 611; x_wconf 90' lang='lat' dir='ltr'>duos</span> <span class='ocrx_word' id='word_1_47' title='bbox 2247 562 2419 610; x_wconf 87' lang='lat' dir='ltr'>talibus</span> 
     </span>
     <span class='ocr_line' id='line_1_6' title="bbox 286 645 2257 711; baseline -0.002 -18"><span class='ocrx_word' id='word_1_48' title='bbox 286 656 471 694; x_wconf 89' lang='lat' dir='ltr'>constet</span> <span class='ocrx_word' id='word_1_49' title='bbox 493 662 594 693; x_wconf 89' lang='lat' dir='ltr'>esse</span> <span class='ocrx_word' id='word_1_50' title='bbox 617 647 895 710; x_wconf 86' lang='lat' dir='ltr'>permixtos,</span> <span class='ocrx_word' id='word_1_51' title='bbox 923 655 974 692; x_wconf 88' lang='lat' dir='ltr'>ut</span> <span class='ocrx_word' id='word_1_52' title='bbox 998 662 1087 692; x_wconf 92' lang='lat' dir='ltr'>nec</span> <span class='ocrx_word' id='word_1_53' title='bbox 1109 645 1227 692; x_wconf 92' lang='lat' dir='ltr'>boni</span> <span class='ocrx_word' id='word_1_54' title='bbox 1251 661 1341 692; x_wconf 87' lang='lat' dir='ltr'>nec</span> <span class='ocrx_word' id='word_1_55' title='bbox 1365 645 1477 692; x_wconf 89' lang='lat' dir='ltr'>mali</span> <span class='ocrx_word' id='word_1_56' title='bbox 1498 647 1674 711; x_wconf 89' lang='lat' dir='ltr'>paritas</span> <span class='ocrx_word' id='word_1_57' title='bbox 1696 645 1808 692; x_wconf 92' lang='lat' dir='ltr'>insit</span> <span class='ocrx_word' id='word_1_58' title='bbox 1828 645 1912 691; x_wconf 90' lang='lat' dir='ltr'>eis.</span> <span class='ocrx_word' id='word_1_59' title='bbox 2188 695 2190 702; x_wconf 35' lang='lat'><strong>¹</strong></span> <span class='ocrx_word' id='word_1_60' title='bbox 2251 706 2257 711; x_wconf 87' lang='lat'><em>.</em></span> 
     </span>
    </p>

    <p class='ocr_par' dir='ltr' id='par_1_3' title="bbox 282 723 2419 1030">
     <span class='ocr_line' id='line_1_7' title="bbox 350 723 2419 790; baseline -0.001 -18"><span class='ocrx_word' id='word_1_61' title='bbox 350 729 618 773; x_wconf 69' lang='lat' dir='ltr'>Cmusnm.</span> <span class='ocrx_word' id='word_1_62' title='bbox 647 728 767 772; x_wconf 90' lang='lat' dir='ltr'>Ecce</span> <span class='ocrx_word' id='word_1_63' title='bbox 791 726 1055 773; x_wconf 90' lang='lat' dir='ltr'>secundum</span> <span class='ocrx_word' id='word_1_64' title='bbox 1080 735 1127 772; x_wconf 90' lang='lat' dir='ltr'>te</span> <span class='ocrx_word' id='word_1_65' title='bbox 1152 742 1394 772; x_wconf 88' lang='lat' dir='ltr'>summum</span> <span class='ocrx_word' id='word_1_66' title='bbox 1415 725 1602 773; x_wconf 88' lang='lat' dir='ltr'>bonum</span> <span class='ocrx_word' id='word_1_67' title='bbox 1625 725 1705 772; x_wconf 89' lang='lat' dir='ltr'>illa</span> <span class='ocrx_word' id='word_1_68' title='bbox 1726 741 1941 790; x_wconf 74' lang='lat' dir='ltr'>supernae</span> <span class='ocrx_word' id='word_1_69' title='bbox 1963 725 2069 772; x_wconf 85' lang='lat' dir='ltr'>vitae</span> <span class='ocrx_word' id='word_1_70' title='bbox 2094 724 2228 788; x_wconf 91' lang='lat' dir='ltr'>quies</span> <span class='ocrx_word' id='word_1_71' title='bbox 2250 723 2419 770; x_wconf 89' lang='lat' dir='ltr'>intelli-</span> 
     </span>
     <span class='ocr_line' id='line_1_8' title="bbox 282 803 2412 870; baseline -0.001 -17"><span class='ocrx_word' id='word_1_72' title='bbox 282 806 439 870; x_wconf 88' lang='lat' dir='ltr'>genda</span> <span class='ocrx_word' id='word_1_73' title='bbox 469 817 555 866; x_wconf 88' lang='lat' dir='ltr'>est,</span> <span class='ocrx_word' id='word_1_74' title='bbox 594 806 715 853; x_wconf 89' lang='lat' dir='ltr'>sicut</span> <span class='ocrx_word' id='word_1_75' title='bbox 743 823 768 853; x_wconf 92' lang='lat' dir='ltr'>e</span> <span class='ocrx_word' id='word_1_76' title='bbox 804 806 1047 853; x_wconf 89' lang='lat' dir='ltr'>contrario</span> <span class='ocrx_word' id='word_1_77' title='bbox 1081 821 1325 852; x_wconf 90' lang='lat' dir='ltr'>summum</span> <span class='ocrx_word' id='word_1_78' title='bbox 1355 805 1537 853; x_wconf 88' lang='lat' dir='ltr'>malum</span> <span class='ocrx_word' id='word_1_79' title='bbox 1573 805 1651 853; x_wconf 89' lang='lat' dir='ltr'>illa</span> <span class='ocrx_word' id='word_1_80' title='bbox 1688 804 1926 851; x_wconf 89' lang='lat' dir='ltr'>malorum</span> <span class='ocrx_word' id='word_1_81' title='bbox 1957 804 2203 852; x_wconf 89' lang='lat' dir='ltr'>damnatio</span> <span class='ocrx_word' id='word_1_82' title='bbox 2238 803 2412 851; x_wconf 87' lang='lat' dir='ltr'>futura.</span> 
     </span>
     <span class='ocr_line' id='line_1_9' title="bbox 282 883 2417 950; baseline -0 -18"><span class='ocrx_word' id='word_1_83' title='bbox 282 887 502 942; x_wconf 91' lang='lat' dir='ltr'>Quorum</span> <span class='ocrx_word' id='word_1_84' title='bbox 538 895 813 950; x_wconf 86' lang='lat' dir='ltr'>utrumque,</span> <span class='ocrx_word' id='word_1_85' title='bbox 842 886 963 932; x_wconf 89' lang='lat' dir='ltr'>sicut</span> <span class='ocrx_word' id='word_1_86' title='bbox 996 884 1272 945; x_wconf 81' lang='lat' dir='ltr'>meministi,</span> <span class='ocrx_word' id='word_1_87' title='bbox 1304 885 1391 949; x_wconf 87' lang='lat' dir='ltr'>ipsi</span> <span class='ocrx_word' id='word_1_88' title='bbox 1422 885 1596 932; x_wconf 88' lang='lat' dir='ltr'>nostris</span> <span class='ocrx_word' id='word_1_89' title='bbox 1626 883 1925 949; x_wconf 85' lang='lat' dir='ltr'>adquirimus</span> <span class='ocrx_word' id='word_1_90' title='bbox 1954 884 2154 945; x_wconf 89' lang='lat' dir='ltr'>meritis,</span> <span class='ocrx_word' id='word_1_91' title='bbox 2190 901 2277 949; x_wconf 91' lang='lat' dir='ltr'>per</span> <span class='ocrx_word' id='word_1_92' title='bbox 2312 900 2417 948; x_wconf 87' lang='lat' dir='ltr'>quae</span> 
     </span>
     <span class='ocr_line' id='line_1_10' title="bbox 287 964 1585 1030; baseline 0.001 -18"><span class='ocrx_word' id='word_1_93' title='bbox 287 965 522 1026; x_wconf 89' lang='lat' dir='ltr'>videlicet,</span> <span class='ocrx_word' id='word_1_94' title='bbox 548 967 681 1030; x_wconf 87' lang='lat' dir='ltr'>quasi</span> <span class='ocrx_word' id='word_1_95' title='bbox 707 965 994 1030; x_wconf 90' lang='lat' dir='ltr'>quibusdam</span> <span class='ocrx_word' id='word_1_96' title='bbox 1021 965 1127 1025; x_wconf 89' lang='lat' dir='ltr'>viis,</span> <span class='ocrx_word' id='word_1_97' title='bbox 1154 964 1267 1012; x_wconf 89' lang='lat' dir='ltr'>illuc</span> <span class='ocrx_word' id='word_1_98' title='bbox 1293 966 1585 1030; x_wconf 86' lang='lat' dir='ltr'>pervenitur.</span> 
     </span>
    </p>

    <p class='ocr_par' dir='ltr' id='par_1_4' title="bbox 277 1045 2419 1491">
     <span class='ocr_line' id='line_1_11' title="bbox 350 1045 2417 1111; baseline 0 -20"><span class='ocrx_word' id='word_1_99' title='bbox 350 1049 533 1093; x_wconf 63' lang='lat' dir='ltr'>Pinnos.</span> <span class='ocrx_word' id='word_1_100' title='bbox 573 1049 641 1092; x_wconf 89' lang='lat' dir='ltr'>Ita</span> <span class='ocrx_word' id='word_1_101' title='bbox 677 1047 858 1093; x_wconf 88' lang='lat' dir='ltr'>aestimo</span> <span class='ocrx_word' id='word_1_102' title='bbox 894 1058 941 1093; x_wconf 87' lang='lat' dir='ltr'>et</span> <span class='ocrx_word' id='word_1_103' title='bbox 981 1045 1179 1110; x_wconf 89' lang='lat' dir='ltr'>planum</span> <span class='ocrx_word' id='word_1_104' title='bbox 1213 1054 1297 1092; x_wconf 88' lang='lat' dir='ltr'>est.</span> <span class='ocrx_word' id='word_1_105' title='bbox 1338 1045 1476 1093; x_wconf 87' lang='lat' dir='ltr'>Nulla</span> <span class='ocrx_word' id='word_1_106' title='bbox 1511 1046 1691 1111; x_wconf 86' lang='lat' dir='ltr'>quippe</span> <span class='ocrx_word' id='word_1_107' title='bbox 1721 1045 1798 1093; x_wconf 89' lang='lat' dir='ltr'>his</span> <span class='ocrx_word' id='word_1_108' title='bbox 1830 1045 1914 1110; x_wconf 91' lang='lat' dir='ltr'>qui</span> <span class='ocrx_word' id='word_1_109' title='bbox 1937 1045 2203 1092; x_wconf 80' lang='lat' dir='ltr'>naturalem</span> <span class='ocrx_word' id='word_1_110' title='bbox 2236 1045 2417 1109; x_wconf 89' lang='lat' dir='ltr'>ample-</span> 
     </span>
     <span class='ocr_line' id='line_1_12' title="bbox 282 1123 2419 1190; baseline -0.001 -18"><span class='ocrx_word' id='word_1_111' title='bbox 282 1135 477 1172; x_wconf 87' lang='lat' dir='ltr'>ctuntur</span> <span class='ocrx_word' id='word_1_112' title='bbox 498 1126 670 1190; x_wconf 86' lang='lat' dir='ltr'>legem,</span> <span class='ocrx_word' id='word_1_113' title='bbox 697 1127 930 1173; x_wconf 87' lang='lat' dir='ltr'>sententia</span> <span class='ocrx_word' id='word_1_114' title='bbox 953 1125 1132 1173; x_wconf 85' lang='lat' dir='ltr'>firmior</span> <span class='ocrx_word' id='word_1_115' title='bbox 1154 1124 1378 1184; x_wconf 89' lang='lat' dir='ltr'>habetur,</span> <span class='ocrx_word' id='word_1_116' title='bbox 1405 1140 1552 1188; x_wconf 90' lang='lat' dir='ltr'>quam</span> <span class='ocrx_word' id='word_1_117' title='bbox 1576 1135 1628 1172; x_wconf 90' lang='lat' dir='ltr'>ut</span> <span class='ocrx_word' id='word_1_118' title='bbox 1654 1126 1802 1172; x_wconf 88' lang='lat' dir='ltr'>virtus</span> <span class='ocrx_word' id='word_1_119' title='bbox 1823 1124 1883 1172; x_wconf 87' lang='lat' dir='ltr'>ad</span> <span class='ocrx_word' id='word_1_120' title='bbox 1909 1123 2257 1172; x_wconf 86' lang='lat' dir='ltr'>beatitudinem</span> <span class='ocrx_word' id='word_1_121' title='bbox 2284 1123 2419 1170; x_wconf 85' lang='lat' dir='ltr'>suffi-</span> 
     </span>
     <span class='ocr_line' id='line_1_13' title="bbox 279 1204 2416 1270; baseline -0 -18"><span class='ocrx_word' id='word_1_122' title='bbox 279 1206 389 1266; x_wconf 85' lang='lat' dir='ltr'>ciat,</span> <span class='ocrx_word' id='word_1_123' title='bbox 417 1215 463 1253; x_wconf 90' lang='lat' dir='ltr'>et</span> <span class='ocrx_word' id='word_1_124' title='bbox 485 1206 618 1270; x_wconf 89' lang='lat' dir='ltr'>quod</span> <span class='ocrx_word' id='word_1_125' title='bbox 649 1205 759 1252; x_wconf 84' lang='lat' dir='ltr'>solae</span> <span class='ocrx_word' id='word_1_126' title='bbox 793 1205 965 1253; x_wconf 85' lang='lat' dir='ltr'>faeiant</span> <span class='ocrx_word' id='word_1_127' title='bbox 989 1206 1187 1252; x_wconf 86' lang='lat' dir='ltr'>virtutes</span> <span class='ocrx_word' id='word_1_128' title='bbox 1209 1204 1430 1265; x_wconf 90' lang='lat' dir='ltr'>beatum,</span> <span class='ocrx_word' id='word_1_129' title='bbox 1457 1206 1588 1253; x_wconf 91' lang='lat' dir='ltr'>nulla</span> <span class='ocrx_word' id='word_1_130' title='bbox 1611 1205 1703 1253; x_wconf 87' lang='lat' dir='ltr'>alia</span> <span class='ocrx_word' id='word_1_131' title='bbox 1724 1206 1977 1270; x_wconf 90' lang='lat' dir='ltr'>quisquam</span> <span class='ocrx_word' id='word_1_132' title='bbox 2006 1205 2085 1252; x_wconf 85' lang='lat' dir='ltr'>via</span> <span class='ocrx_word' id='word_1_133' title='bbox 2115 1204 2210 1251; x_wconf 93' lang='lat' dir='ltr'>hoc</span> <span class='ocrx_word' id='word_1_134' title='bbox 2237 1220 2416 1252; x_wconf 88' lang='lat' dir='ltr'>nomen</span> 
     </span>
     <span class='ocr_line' id='line_1_14' title="bbox 279 1284 2413 1350; baseline -0 -18"><span class='ocrx_word' id='word_1_135' title='bbox 279 1285 574 1350; x_wconf 88' lang='lat' dir='ltr'>adipiscitur.</span> <span class='ocrx_word' id='word_1_136' title='bbox 615 1287 691 1333; x_wconf 92' lang='lat' dir='ltr'>Sic</span> <span class='ocrx_word' id='word_1_137' title='bbox 722 1303 749 1333; x_wconf 92' lang='lat' dir='ltr'>e</span> <span class='ocrx_word' id='word_1_138' title='bbox 781 1287 1023 1333; x_wconf 86' lang='lat' dir='ltr'>contrario</span> <span class='ocrx_word' id='word_1_139' title='bbox 1051 1285 1237 1332; x_wconf 92' lang='lat' dir='ltr'>nullum</span> <span class='ocrx_word' id='word_1_140' title='bbox 1267 1301 1380 1333; x_wconf 89' lang='lat' dir='ltr'>vere</span> <span class='ocrx_word' id='word_1_141' title='bbox 1417 1286 1673 1348; x_wconf 89' lang='lat' dir='ltr'>miserum,</span> <span class='ocrx_word' id='word_1_142' title='bbox 1711 1287 1803 1334; x_wconf 87' lang='lat' dir='ltr'>nisi</span> <span class='ocrx_word' id='word_1_143' title='bbox 1832 1302 1889 1333; x_wconf 87' lang='lat' dir='ltr'>ex</span> <span class='ocrx_word' id='word_1_144' title='bbox 1920 1285 2046 1333; x_wconf 85' lang='lat' dir='ltr'>vitiis</span> <span class='ocrx_word' id='word_1_145' title='bbox 2075 1284 2178 1332; x_wconf 86' lang='lat' dir='ltr'>fieri</span> <span class='ocrx_word' id='word_1_146' title='bbox 2212 1294 2413 1332; x_wconf 88' lang='lat' dir='ltr'>constat.</span> 
     </span>
     <span class='ocr_line' id='line_1_15' title="bbox 280 1364 2415 1423; baseline 0 -12"><span class='ocrx_word' id='word_1_147' title='bbox 280 1364 419 1412; x_wconf 84' lang='lat' dir='ltr'>Unde</span> <span class='ocrx_word' id='word_1_148' title='bbox 450 1366 571 1412; x_wconf 90' lang='lat' dir='ltr'>sicut</span> <span class='ocrx_word' id='word_1_149' title='bbox 607 1365 711 1413; x_wconf 88' lang='lat' dir='ltr'>illas</span> <span class='ocrx_word' id='word_1_150' title='bbox 746 1365 806 1412; x_wconf 91' lang='lat' dir='ltr'>ad</span> <span class='ocrx_word' id='word_1_151' title='bbox 842 1381 1087 1413; x_wconf 89' lang='lat' dir='ltr'>summum</span> <span class='ocrx_word' id='word_1_152' title='bbox 1119 1364 1334 1423; x_wconf 90' lang='lat' dir='ltr'>bonum,</span> <span class='ocrx_word' id='word_1_153' title='bbox 1374 1367 1441 1413; x_wconf 89' lang='lat' dir='ltr'>sic</span> <span class='ocrx_word' id='word_1_154' title='bbox 1477 1367 1539 1414; x_wconf 91' lang='lat' dir='ltr'>ad</span> <span class='ocrx_word' id='word_1_155' title='bbox 1573 1383 1818 1414; x_wconf 90' lang='lat' dir='ltr'>summum</span> <span class='ocrx_word' id='word_1_156' title='bbox 1851 1365 2033 1414; x_wconf 89' lang='lat' dir='ltr'>malum</span> <span class='ocrx_word' id='word_1_157' title='bbox 2063 1365 2150 1413; x_wconf 88' lang='lat' dir='ltr'>has</span> <span class='ocrx_word' id='word_1_158' title='bbox 2181 1381 2283 1412; x_wconf 88' lang='lat' dir='ltr'>esse</span> <span class='ocrx_word' id='word_1_159' title='bbox 2317 1365 2415 1412; x_wconf 87' lang='lat' dir='ltr'>vias</span> 
     </span>
     <span class='ocr_line' id='line_1_16' title="bbox 277 1454 478 1491; baseline 0.005 -1"><span class='ocrx_word' id='word_1_160' title='bbox 277 1454 478 1491; x_wconf 88' lang='lat' dir='ltr'>constat.</span> 
     </span>
    </p>

    <p class='ocr_par' dir='ltr' id='par_1_5' title="bbox 272 1524 2416 2144">
     <span class='ocr_line' id='line_1_17' title="bbox 342 1524 2416 1589; baseline 0 -19"><span class='ocrx_word' id='word_1_161' title='bbox 342 1526 615 1571; x_wconf 68' lang='lat' dir='ltr'>CHmsTmN.</span> <span class='ocrx_word' id='word_1_162' title='bbox 646 1525 886 1582; x_wconf 86' lang='lat' dir='ltr'>Quoniam</span> <span class='ocrx_word' id='word_1_163' title='bbox 919 1541 1049 1571; x_wconf 91' lang='lat' dir='ltr'>nunc</span> <span class='ocrx_word' id='word_1_164' title='bbox 1083 1525 1383 1589; x_wconf 88' lang='lat' dir='ltr'>aliquantum</span> <span class='ocrx_word' id='word_1_165' title='bbox 1413 1526 1474 1572; x_wconf 89' lang='lat' dir='ltr'>ad</span> <span class='ocrx_word' id='word_1_166' title='bbox 1501 1542 1744 1573; x_wconf 88' lang='lat' dir='ltr'>summum</span> <span class='ocrx_word' id='word_1_167' title='bbox 1775 1525 1987 1572; x_wconf 90' lang='lat' dir='ltr'>hominis</span> <span class='ocrx_word' id='word_1_168' title='bbox 2015 1524 2203 1571; x_wconf 91' lang='lat' dir='ltr'>bonum</span> <span class='ocrx_word' id='word_1_169' title='bbox 2227 1524 2349 1571; x_wconf 90' lang='lat' dir='ltr'>sicut</span> <span class='ocrx_word' id='word_1_170' title='bbox 2370 1533 2416 1571; x_wconf 91' lang='lat' dir='ltr'>et</span> 
     </span>
     <span class='ocr_line' id='line_1_18' title="bbox 278 1602 2416 1671; baseline 0 -22"><span class='ocrx_word' id='word_1_171' title='bbox 278 1602 339 1649; x_wconf 92' lang='lat' dir='ltr'>ad</span> <span class='ocrx_word' id='word_1_172' title='bbox 375 1620 617 1650; x_wconf 88' lang='lat' dir='ltr'>summum</span> <span class='ocrx_word' id='word_1_173' title='bbox 641 1604 742 1667; x_wconf 91' lang='lat' dir='ltr'>ejus</span> <span class='ocrx_word' id='word_1_174' title='bbox 763 1604 944 1650; x_wconf 90' lang='lat' dir='ltr'>malum</span> <span class='ocrx_word' id='word_1_175' title='bbox 978 1605 1226 1651; x_wconf 87' lang='lat' dir='ltr'>accessisse</span> <span class='ocrx_word' id='word_1_176' title='bbox 1256 1605 1433 1652; x_wconf 86' lang='lat' dir='ltr'>videris</span> <span class='ocrx_word' id='word_1_177' title='bbox 1457 1615 1502 1652; x_wconf 92' lang='lat' dir='ltr'>et</span> <span class='ocrx_word' id='word_1_178' title='bbox 1526 1621 1695 1653; x_wconf 86' lang='lat' dir='ltr'>eorum</span> <span class='ocrx_word' id='word_1_179' title='bbox 1721 1606 1916 1671; x_wconf 89' lang='lat' dir='ltr'>insuper</span> <span class='ocrx_word' id='word_1_180' title='bbox 1936 1605 2037 1652; x_wconf 84' lang='lat' dir='ltr'>vias</span> <span class='ocrx_word' id='word_1_181' title='bbox 2061 1603 2276 1668; x_wconf 82' lang='lat' dir='ltr'>attigisti,</span> <span class='ocrx_word' id='word_1_182' title='bbox 2301 1603 2416 1650; x_wconf 89' lang='lat' dir='ltr'>libet</span> 
     </span>
     <span class='ocr_line' id='line_1_19' title="bbox 278 1682 2415 1747; baseline 0.001 -19"><span class='ocrx_word' id='word_1_183' title='bbox 278 1682 529 1746; x_wconf 89' lang='lat' dir='ltr'>paululum</span> <span class='ocrx_word' id='word_1_184' title='bbox 562 1682 891 1746; x_wconf 83' lang='lat' dir='ltr'>objectionum</span> <span class='ocrx_word' id='word_1_185' title='bbox 914 1693 1178 1730; x_wconf 86' lang='lat' dir='ltr'>vestrarum</span> <span class='ocrx_word' id='word_1_186' title='bbox 1214 1684 1427 1731; x_wconf 87' lang='lat' dir='ltr'>habenas</span> <span class='ocrx_word' id='word_1_187' title='bbox 1457 1686 1617 1731; x_wconf 89' lang='lat' dir='ltr'>cursui</span> <span class='ocrx_word' id='word_1_188' title='bbox 1651 1695 1735 1732; x_wconf 89' lang='lat' dir='ltr'>tuo</span> <span class='ocrx_word' id='word_1_189' title='bbox 1758 1684 1985 1744; x_wconf 87' lang='lat' dir='ltr'>relaxare,</span> <span class='ocrx_word' id='word_1_190' title='bbox 2020 1700 2118 1747; x_wconf 93' lang='lat' dir='ltr'>quo</span> <span class='ocrx_word' id='word_1_191' title='bbox 2150 1683 2330 1730; x_wconf 87' lang='lat' dir='ltr'>facilius</span> <span class='ocrx_word' id='word_1_192' title='bbox 2353 1683 2415 1730; x_wconf 89' lang='lat' dir='ltr'>ad</span> 
     </span>
     <span class='ocr_line' id='line_1_20' title="bbox 280 1763 2412 1830; baseline 0 -22"><span class='ocrx_word' id='word_1_193' title='bbox 280 1763 515 1826; x_wconf 87' lang='lat' dir='ltr'>propositi</span> <span class='ocrx_word' id='word_1_194' title='bbox 534 1763 604 1809; x_wconf 85' lang='lat' dir='ltr'>tui</span> <span class='ocrx_word' id='word_1_195' title='bbox 636 1772 812 1809; x_wconf 89' lang='lat' dir='ltr'>metam</span> <span class='ocrx_word' id='word_1_196' title='bbox 835 1765 1101 1827; x_wconf 86' lang='lat' dir='ltr'>pervenias,</span> <span class='ocrx_word' id='word_1_197' title='bbox 1133 1772 1180 1811; x_wconf 88' lang='lat' dir='ltr'>et</span> <span class='ocrx_word' id='word_1_198' title='bbox 1207 1764 1268 1810; x_wconf 93' lang='lat' dir='ltr'>de</span> <span class='ocrx_word' id='word_1_199' title='bbox 1292 1765 1658 1812; x_wconf 88' lang='lat' dir='ltr'>consumatione</span> <span class='ocrx_word' id='word_1_200' title='bbox 1682 1766 1841 1830; x_wconf 89' lang='lat' dir='ltr'>operis</span> <span class='ocrx_word' id='word_1_201' title='bbox 1863 1765 2021 1812; x_wconf 81' lang='lat' dir='ltr'>verius</span> <span class='ocrx_word' id='word_1_202' title='bbox 2053 1774 2196 1828; x_wconf 88' lang='lat' dir='ltr'>atque</span> <span class='ocrx_word' id='word_1_203' title='bbox 2228 1763 2412 1828; x_wconf 86' lang='lat' dir='ltr'>perfec-</span> 
     </span>
     <span class='ocr_line' id='line_1_21' title="bbox 278 1841 2411 1906; baseline 0.001 -19"><span class='ocrx_word' id='word_1_204' title='bbox 278 1842 372 1888; x_wconf 91' lang='lat' dir='ltr'>tius</span> <span class='ocrx_word' id='word_1_205' title='bbox 406 1841 656 1904; x_wconf 86' lang='lat' dir='ltr'>dijudicari</span> <span class='ocrx_word' id='word_1_206' title='bbox 691 1858 855 1906; x_wconf 88' lang='lat' dir='ltr'>queas.</span> <span class='ocrx_word' id='word_1_207' title='bbox 895 1844 1099 1889; x_wconf 91' lang='lat' dir='ltr'>Ostenso</span> <span class='ocrx_word' id='word_1_208' title='bbox 1138 1843 1298 1906; x_wconf 89' lang='lat' dir='ltr'>itaque</span> <span class='ocrx_word' id='word_1_209' title='bbox 1334 1842 1450 1906; x_wconf 90' lang='lat' dir='ltr'>quid</span> <span class='ocrx_word' id='word_1_210' title='bbox 1489 1852 1821 1891; x_wconf 81' lang='lat' dir='ltr'>tu&#39;summum</span> <span class='ocrx_word' id='word_1_211' title='bbox 1858 1844 2066 1891; x_wconf 90' lang='lat' dir='ltr'>hominis</span> <span class='ocrx_word' id='word_1_212' title='bbox 2105 1842 2289 1889; x_wconf 89' lang='lat' dir='ltr'>bonum</span> <span class='ocrx_word' id='word_1_213' title='bbox 2330 1859 2411 1890; x_wconf 89' lang='lat' dir='ltr'>seu</span> 
     </span>
     <span class='ocr_line' id='line_1_22' title="bbox 277 1921 2409 1987; baseline 0 -20"><span class='ocrx_word' id='word_1_214' title='bbox 277 1937 521 1967; x_wconf 89' lang='lat' dir='ltr'>summum</span> <span class='ocrx_word' id='word_1_215' title='bbox 545 1922 692 1985; x_wconf 86' lang='lat' dir='ltr'>ipsius</span> <span class='ocrx_word' id='word_1_216' title='bbox 715 1921 895 1968; x_wconf 89' lang='lat' dir='ltr'>malum</span> <span class='ocrx_word' id='word_1_217' title='bbox 918 1921 1064 1977; x_wconf 87' lang='lat' dir='ltr'>dicas,</span> <span class='ocrx_word' id='word_1_218' title='bbox 1092 1931 1307 1986; x_wconf 85' lang='lat' dir='ltr'>superest</span> <span class='ocrx_word' id='word_1_219' title='bbox 1332 1931 1384 1968; x_wconf 90' lang='lat' dir='ltr'>ut</span> <span class='ocrx_word' id='word_1_220' title='bbox 1404 1922 1492 1969; x_wconf 87' lang='lat' dir='ltr'>has</span> <span class='ocrx_word' id='word_1_221' title='bbox 1518 1939 1712 1986; x_wconf 86' lang='lat' dir='ltr'>quoque</span> <span class='ocrx_word' id='word_1_222' title='bbox 1735 1940 1923 1981; x_wconf 86' lang='lat' dir='ltr'>eorum,</span> <span class='ocrx_word' id='word_1_223' title='bbox 1957 1938 2075 1987; x_wconf 89' lang='lat' dir='ltr'>quas</span> <span class='ocrx_word' id='word_1_224' title='bbox 2106 1921 2262 1969; x_wconf 84' lang='lat' dir='ltr'>dixisti</span> <span class='ocrx_word' id='word_1_225' title='bbox 2284 1922 2383 1969; x_wconf 92' lang='lat' dir='ltr'>vias</span> <span class='ocrx_word' id='word_1_226' title='bbox 2398 1958 2409 1980; x_wconf 93' lang='lat'>,</span> 
     </span>
     <span class='ocr_line' id='line_1_23' title="bbox 274 1999 2408 2066; baseline 0.001 -21"><span class='ocrx_word' id='word_1_227' title='bbox 274 2000 472 2047; x_wconf 87' lang='lat' dir='ltr'>virtutes</span> <span class='ocrx_word' id='word_1_228' title='bbox 497 2001 675 2048; x_wconf 87' lang='lat' dir='ltr'>scilicet</span> <span class='ocrx_word' id='word_1_229' title='bbox 696 2016 752 2047; x_wconf 87' lang='lat' dir='ltr'>ac</span> <span class='ocrx_word' id='word_1_230' title='bbox 773 2001 885 2047; x_wconf 84' lang='lat' dir='ltr'>vitia</span> <span class='ocrx_word' id='word_1_231' title='bbox 909 2000 1159 2063; x_wconf 85' lang='lat' dir='ltr'>diligenter</span> <span class='ocrx_word' id='word_1_232' title='bbox 1184 1999 1384 2047; x_wconf 89' lang='lat' dir='ltr'>definias</span> <span class='ocrx_word' id='word_1_233' title='bbox 1415 2011 1560 2065; x_wconf 87' lang='lat' dir='ltr'>atque</span> <span class='ocrx_word' id='word_1_234' title='bbox 1594 2002 1872 2066; x_wconf 87' lang='lat' dir='ltr'>distinguas,</span> <span class='ocrx_word' id='word_1_235' title='bbox 1900 2012 1951 2049; x_wconf 89' lang='lat' dir='ltr'>ut</span> <span class='ocrx_word' id='word_1_236' title='bbox 1985 2002 2061 2049; x_wconf 84' lang='lat' dir='ltr'>vel</span> <span class='ocrx_word' id='word_1_237' title='bbox 2106 2011 2408 2066; x_wconf 84' lang='lat' dir='ltr'>appetantur,</span> 
     </span>
     <span class='ocr_line' id='line_1_24' title="bbox 272 2078 1315 2144; baseline 0.001 -19"><span class='ocrx_word' id='word_1_238' title='bbox 272 2078 348 2125; x_wconf 87' lang='lat' dir='ltr'>vel</span> <span class='ocrx_word' id='word_1_239' title='bbox 366 2079 595 2139; x_wconf 83' lang='lat' dir='ltr'>vitentur,</span> <span class='ocrx_word' id='word_1_240' title='bbox 625 2096 725 2144; x_wconf 92' lang='lat' dir='ltr'>quo</span> <span class='ocrx_word' id='word_1_241' title='bbox 749 2079 918 2126; x_wconf 90' lang='lat' dir='ltr'>melius</span> <span class='ocrx_word' id='word_1_242' title='bbox 941 2090 1315 2144; x_wconf 86' lang='lat' dir='ltr'>cognoscuntur.</span> 
     </span>
    </p>

    <p class='ocr_par' dir='ltr' id='par_1_6' title="bbox 269 2159 2410 3179">
     <span class='ocr_line' id='line_1_25' title="bbox 341 2159 2407 2225; baseline 0 -20"><span class='ocrx_word' id='word_1_243' title='bbox 341 2162 534 2206; x_wconf 81' lang='lat' dir='ltr'>PmLos.</span> <span class='ocrx_word' id='word_1_244' title='bbox 559 2160 738 2216; x_wconf 89' lang='lat' dir='ltr'>Virtus,</span> <span class='ocrx_word' id='word_1_245' title='bbox 764 2160 1007 2222; x_wconf 91' lang='lat' dir='ltr'>inquiunt,</span> <span class='ocrx_word' id='word_1_246' title='bbox 1045 2170 1115 2206; x_wconf 89' lang='lat' dir='ltr'>est</span> <span class='ocrx_word' id='word_1_247' title='bbox 1135 2159 1330 2206; x_wconf 86' lang='lat' dir='ltr'>habitus</span> <span class='ocrx_word' id='word_1_248' title='bbox 1359 2161 1507 2207; x_wconf 91' lang='lat' dir='ltr'>animi</span> <span class='ocrx_word' id='word_1_249' title='bbox 1541 2162 1769 2225; x_wconf 89' lang='lat' dir='ltr'>optimus,</span> <span class='ocrx_word' id='word_1_250' title='bbox 1804 2163 1872 2209; x_wconf 92' lang='lat' dir='ltr'>sic</span> <span class='ocrx_word' id='word_1_251' title='bbox 1902 2178 1928 2208; x_wconf 91' lang='lat' dir='ltr'>e</span> <span class='ocrx_word' id='word_1_252' title='bbox 1962 2162 2204 2208; x_wconf 87' lang='lat' dir='ltr'>contrario</span> <span class='ocrx_word' id='word_1_253' title='bbox 2241 2160 2407 2207; x_wconf 89' lang='lat' dir='ltr'>vitium</span> 
     </span>
     <span class='ocr_line' id='line_1_26' title="bbox 274 2237 2408 2304; baseline 0.001 -20"><span class='ocrx_word' id='word_1_254' title='bbox 274 2237 480 2284; x_wconf 88' lang='lat' dir='ltr'>arbitror</span> <span class='ocrx_word' id='word_1_255' title='bbox 516 2255 617 2286; x_wconf 86' lang='lat' dir='ltr'>esse</span> <span class='ocrx_word' id='word_1_256' title='bbox 655 2238 876 2285; x_wconf 90' lang='lat' dir='ltr'>habitum</span> <span class='ocrx_word' id='word_1_257' title='bbox 911 2240 1059 2286; x_wconf 91' lang='lat' dir='ltr'>animi</span> <span class='ocrx_word' id='word_1_258' title='bbox 1094 2241 1386 2304; x_wconf 90' lang='lat' dir='ltr'>pessimum;</span> <span class='ocrx_word' id='word_1_259' title='bbox 1425 2240 1649 2287; x_wconf 88' lang='lat' dir='ltr'>habitum</span> <span class='ocrx_word' id='word_1_260' title='bbox 1682 2258 1798 2289; x_wconf 87' lang='lat' dir='ltr'>vero</span> <span class='ocrx_word' id='word_1_261' title='bbox 1832 2241 1964 2288; x_wconf 90' lang='lat' dir='ltr'>hunc</span> <span class='ocrx_word' id='word_1_262' title='bbox 1998 2241 2225 2299; x_wconf 86' lang='lat' dir='ltr'>dicimus,</span> <span class='ocrx_word' id='word_1_263' title='bbox 2264 2256 2408 2304; x_wconf 88' lang='lat' dir='ltr'>quem</span> 
     </span>
     <span class='ocr_line' id='line_1_27' title="bbox 275 2317 2409 2386; baseline 0.001 -23"><span class='ocrx_word' id='word_1_264' title='bbox 275 2317 546 2364; x_wconf 83' lang='lat' dir='ltr'>Aristoteles</span> <span class='ocrx_word' id='word_1_265' title='bbox 577 2318 625 2364; x_wconf 89' lang='lat' dir='ltr'>in</span> <span class='ocrx_word' id='word_1_266' title='bbox 651 2319 910 2383; x_wconf 64' lang='lat' dir='ltr'>Categorizls·</span> <span class='ocrx_word' id='word_1_267' title='bbox 940 2318 1171 2378; x_wconf 82' lang='lat' dir='ltr'>distinxit,</span> <span class='ocrx_word' id='word_1_268' title='bbox 1205 2337 1317 2366; x_wconf 92' lang='lat' dir='ltr'>cum</span> <span class='ocrx_word' id='word_1_269' title='bbox 1349 2320 1398 2365; x_wconf 89' lang='lat' dir='ltr'>in</span> <span class='ocrx_word' id='word_1_270' title='bbox 1433 2319 1595 2367; x_wconf 87' lang='lat' dir='ltr'>habitu</span> <span class='ocrx_word' id='word_1_271' title='bbox 1631 2331 1676 2367; x_wconf 89' lang='lat' dir='ltr'>et</span> <span class='ocrx_word' id='word_1_272' title='bbox 1707 2321 2020 2386; x_wconf 89' lang='lat' dir='ltr'>dispositione</span> <span class='ocrx_word' id='word_1_273' title='bbox 2050 2321 2256 2385; x_wconf 88' lang='lat' dir='ltr'>primam</span> <span class='ocrx_word' id='word_1_274' title='bbox 2293 2335 2409 2384; x_wconf 90' lang='lat' dir='ltr'>qua-</span> 
     </span>
     <span class='ocr_line' id='line_1_28' title="bbox 273 2396 2410 2464; baseline 0.001 -22"><span class='ocrx_word' id='word_1_275' title='bbox 273 2396 418 2443; x_wconf 89' lang='lat' dir='ltr'>litatis</span> <span class='ocrx_word' id='word_1_276' title='bbox 458 2398 664 2461; x_wconf 91' lang='lat' dir='ltr'>speciem</span> <span class='ocrx_word' id='word_1_277' title='bbox 701 2398 1084 2463; x_wconf 89' lang='lat' dir='ltr'>comprehendit.</span> <span class='ocrx_word' id='word_1_278' title='bbox 1125 2402 1206 2446; x_wconf 89' lang='lat' dir='ltr'>Est</span> <span class='ocrx_word' id='word_1_279' title='bbox 1240 2400 1382 2462; x_wconf 90' lang='lat' dir='ltr'>igitur</span> <span class='ocrx_word' id='word_1_280' title='bbox 1418 2399 1612 2447; x_wconf 86' lang='lat' dir='ltr'>habitus</span> <span class='ocrx_word' id='word_1_281' title='bbox 1651 2401 1853 2464; x_wconf 87' lang='lat' dir='ltr'>qualitas</span> <span class='ocrx_word' id='word_1_282' title='bbox 1887 2402 1956 2448; x_wconf 90' lang='lat' dir='ltr'>rei</span> <span class='ocrx_word' id='word_1_283' title='bbox 1995 2417 2094 2447; x_wconf 92' lang='lat' dir='ltr'>non</span> <span class='ocrx_word' id='word_1_284' title='bbox 2135 2400 2410 2448; x_wconf 86' lang='lat' dir='ltr'>naturaliter</span> 
     </span>
     <span class='ocr_line' id='line_1_29' title="bbox 275 2476 2408 2542; baseline 0.002 -21"><span class='ocrx_word' id='word_1_285' title='bbox 275 2476 440 2535; x_wconf 89' lang='lat' dir='ltr'>insita,</span> <span class='ocrx_word' id='word_1_286' title='bbox 480 2476 563 2523; x_wconf 91' lang='lat' dir='ltr'>sed</span> <span class='ocrx_word' id='word_1_287' title='bbox 597 2476 758 2523; x_wconf 83' lang='lat' dir='ltr'>studio</span> <span class='ocrx_word' id='word_1_288' title='bbox 790 2493 845 2524; x_wconf 90' lang='lat' dir='ltr'>ac</span> <span class='ocrx_word' id='word_1_289' title='bbox 889 2477 1232 2525; x_wconf 86' lang='lat' dir='ltr'>deliberatione</span> <span class='ocrx_word' id='word_1_290' title='bbox 1261 2479 1530 2542; x_wconf 89' lang='lat' dir='ltr'>conquisita</span> <span class='ocrx_word' id='word_1_291' title='bbox 1561 2489 1608 2525; x_wconf 90' lang='lat' dir='ltr'>et</span> <span class='ocrx_word' id='word_1_292' title='bbox 1639 2479 1830 2527; x_wconf 86' lang='lat' dir='ltr'>difficile</span> <span class='ocrx_word' id='word_1_293' title='bbox 1862 2478 2069 2526; x_wconf 88' lang='lat' dir='ltr'>mobilis.</span> <span class='ocrx_word' id='word_1_294' title='bbox 2114 2479 2251 2535; x_wconf 82' lang='lat' dir='ltr'>Unde</span> <span class='ocrx_word' id='word_1_295' title='bbox 2285 2479 2408 2525; x_wconf 89' lang='lat' dir='ltr'>hanc</span> 
     </span>
     <span class='ocr_line' id='line_1_30' title="bbox 275 2555 2404 2623; baseline 0.001 -22"><span class='ocrx_word' id='word_1_296' title='bbox 275 2571 418 2618; x_wconf 90' lang='lat' dir='ltr'>quam</span> <span class='ocrx_word' id='word_1_297' title='bbox 443 2555 709 2602; x_wconf 88' lang='lat' dir='ltr'>naturalem</span> <span class='ocrx_word' id='word_1_298' title='bbox 732 2556 780 2602; x_wconf 89' lang='lat' dir='ltr'>in</span> <span class='ocrx_word' id='word_1_299' title='bbox 806 2555 1095 2620; x_wconf 91' lang='lat' dir='ltr'>quibusdam</span> <span class='ocrx_word' id='word_1_300' title='bbox 1117 2558 1380 2604; x_wconf 86' lang='lat' dir='ltr'>castitatem</span> <span class='ocrx_word' id='word_1_301' title='bbox 1402 2558 1674 2618; x_wconf 87' lang='lat' dir='ltr'>nominant,</span> <span class='ocrx_word' id='word_1_302' title='bbox 1706 2575 1760 2606; x_wconf 85' lang='lat' dir='ltr'>ex</span> <span class='ocrx_word' id='word_1_303' title='bbox 1794 2560 2011 2623; x_wconf 89' lang='lat' dir='ltr'>corporis</span> <span class='ocrx_word' id='word_1_304' title='bbox 2037 2558 2254 2605; x_wconf 86' lang='lat' dir='ltr'>videlicet</span> <span class='ocrx_word' id='word_1_305' title='bbox 2276 2558 2404 2622; x_wconf 84' lang='lat' dir='ltr'>frigi-</span> 
     </span>
     <span class='ocr_line' id='line_1_31' title="bbox 275 2633 2406 2703; baseline 0.002 -23"><span class='ocrx_word' id='word_1_306' title='bbox 275 2633 420 2681; x_wconf 90' lang='lat' dir='ltr'>ditate</span> <span class='ocrx_word' id='word_1_307' title='bbox 460 2635 535 2681; x_wconf 87' lang='lat' dir='ltr'>vel</span> <span class='ocrx_word' id='word_1_308' title='bbox 575 2634 732 2698; x_wconf 90' lang='lat' dir='ltr'>aliqua</span> <span class='ocrx_word' id='word_1_309' title='bbox 770 2636 1121 2701; x_wconf 89' lang='lat' dir='ltr'>complectione</span> <span class='ocrx_word' id='word_1_310' title='bbox 1160 2647 1365 2698; x_wconf 83' lang='lat' dir='ltr'>naturae,</span> <span class='ocrx_word' id='word_1_311' title='bbox 1407 2654 1511 2701; x_wconf 88' lang='lat' dir='ltr'>quae</span> <span class='ocrx_word' id='word_1_312' title='bbox 1547 2637 1729 2685; x_wconf 91' lang='lat' dir='ltr'>nullam</span> <span class='ocrx_word' id='word_1_313' title='bbox 1762 2653 1977 2703; x_wconf 88' lang='lat' dir='ltr'>unquam</span> <span class='ocrx_word' id='word_1_314' title='bbox 2011 2639 2406 2702; x_wconf 84' lang='lat' dir='ltr'>concupiscentiae</span> 
     </span>
     <span class='ocr_line' id='line_1_32' title="bbox 274 2715 2406 2782; baseline 0.002 -23"><span class='ocrx_word' id='word_1_315' title='bbox 274 2729 485 2776; x_wconf 89' lang='lat' dir='ltr'>pugnam</span> <span class='ocrx_word' id='word_1_316' title='bbox 522 2715 749 2776; x_wconf 90' lang='lat' dir='ltr'>sustinet,</span> <span class='ocrx_word' id='word_1_317' title='bbox 788 2715 848 2762; x_wconf 88' lang='lat' dir='ltr'>de</span> <span class='ocrx_word' id='word_1_318' title='bbox 881 2732 978 2780; x_wconf 91' lang='lat' dir='ltr'>qua</span> <span class='ocrx_word' id='word_1_319' title='bbox 1012 2717 1298 2782; x_wconf 89' lang='lat' dir='ltr'>triumphet,</span> <span class='ocrx_word' id='word_1_320' title='bbox 1343 2734 1432 2764; x_wconf 89' lang='lat' dir='ltr'>nec</span> <span class='ocrx_word' id='word_1_321' title='bbox 1457 2718 1681 2765; x_wconf 87' lang='lat' dir='ltr'>meritum</span> <span class='ocrx_word' id='word_1_322' title='bbox 1715 2718 1925 2779; x_wconf 91' lang='lat' dir='ltr'>obtinet,</span> <span class='ocrx_word' id='word_1_323' title='bbox 1966 2733 2274 2782; x_wconf 87' lang='lat' dir='ltr'>nequaquam</span> <span class='ocrx_word' id='word_1_324' title='bbox 2311 2719 2406 2765; x_wconf 87' lang='lat' dir='ltr'>vir-</span> 
     </span>
     <span class='ocr_line' id='line_1_33' title="bbox 274 2791 2405 2861; baseline 0.003 -24"><span class='ocrx_word' id='word_1_325' title='bbox 274 2791 453 2839; x_wconf 90' lang='lat' dir='ltr'>tutibus</span> <span class='ocrx_word' id='word_1_326' title='bbox 475 2809 896 2855; x_wconf 88' lang='lat' dir='ltr'>connumeramus,</span> <span class='ocrx_word' id='word_1_327' title='bbox 925 2795 1000 2842; x_wconf 90' lang='lat' dir='ltr'>vel</span> <span class='ocrx_word' id='word_1_328' title='bbox 1023 2813 1319 2861; x_wconf 80' lang='lat' dir='ltr'>quaecunque</span> <span class='ocrx_word' id='word_1_329' title='bbox 1342 2798 1486 2844; x_wconf 89' lang='lat' dir='ltr'>animi</span> <span class='ocrx_word' id='word_1_330' title='bbox 1511 2796 1759 2861; x_wconf 88' lang='lat' dir='ltr'>qualitates</span> <span class='ocrx_word' id='word_1_331' title='bbox 1782 2797 1917 2845; x_wconf 84' lang='lat' dir='ltr'>facile</span> <span class='ocrx_word' id='word_1_332' title='bbox 1942 2807 2052 2844; x_wconf 92' lang='lat' dir='ltr'>sunt</span> <span class='ocrx_word' id='word_1_333' title='bbox 2073 2797 2288 2844; x_wconf 87' lang='lat' dir='ltr'>mobiles.</span> <span class='ocrx_word' id='word_1_334' title='bbox 2314 2797 2405 2844; x_wconf 90' lang='lat' dir='ltr'>Ubi</span> 
     </span>
     <span class='ocr_line' id='line_1_34' title="bbox 275 2872 2401 2943; baseline 0.004 -26"><span class='ocrx_word' id='word_1_335' title='bbox 275 2872 452 2935; x_wconf 87' lang='lat' dir='ltr'>quippe</span> <span class='ocrx_word' id='word_1_336' title='bbox 475 2889 575 2919; x_wconf 91' lang='lat' dir='ltr'>non</span> <span class='ocrx_word' id='word_1_337' title='bbox 608 2883 677 2920; x_wconf 91' lang='lat' dir='ltr'>est</span> <span class='ocrx_word' id='word_1_338' title='bbox 706 2873 866 2937; x_wconf 90' lang='lat' dir='ltr'>aliqua</span> <span class='ocrx_word' id='word_1_339' title='bbox 890 2877 1215 2939; x_wconf 86' lang='lat' dir='ltr'>repugnantiae</span> <span class='ocrx_word' id='word_1_340' title='bbox 1237 2893 1425 2942; x_wconf 92' lang='lat' dir='ltr'>pugna,</span> <span class='ocrx_word' id='word_1_341' title='bbox 1458 2894 1558 2924; x_wconf 92' lang='lat' dir='ltr'>non</span> <span class='ocrx_word' id='word_1_342' title='bbox 1592 2887 1663 2924; x_wconf 90' lang='lat' dir='ltr'>est</span> <span class='ocrx_word' id='word_1_343' title='bbox 1687 2879 1954 2943; x_wconf 86' lang='lat' dir='ltr'>superantis</span> <span class='ocrx_word' id='word_1_344' title='bbox 1975 2878 2162 2924; x_wconf 83' lang='lat' dir='ltr'>virtutis</span> <span class='ocrx_word' id='word_1_345' title='bbox 2193 2893 2373 2924; x_wconf 88' lang='lat' dir='ltr'>corona</span> <span class='ocrx_word' id='word_1_346' title='bbox 2389 2915 2401 2934; x_wconf 89' lang='lat'>,</span> 
     </span>
     <span class='ocr_line' id='line_1_35' title="bbox 269 2949 2402 3022; baseline 0.003 -27"><span class='ocrx_word' id='word_1_347' title='bbox 269 2949 403 3012; x_wconf 84' lang='lat' dir='ltr'>juxta</span> <span class='ocrx_word' id='word_1_348' title='bbox 424 2951 541 2998; x_wconf 92' lang='lat' dir='ltr'>illud</span> <span class='ocrx_word' id='word_1_349' title='bbox 564 2953 706 2999; x_wconf 88' lang='lat' dir='ltr'>etiam</span> <span class='ocrx_word' id='word_1_350' title='bbox 730 2955 890 3017; x_wconf 88' lang='lat' dir='ltr'>magni</span> <span class='ocrx_word' id='word_1_351' title='bbox 914 2956 1055 3002; x_wconf 88' lang='lat' dir='ltr'>vestri</span> <span class='ocrx_word' id='word_1_352' title='bbox 1078 2955 1378 3021; x_wconf 87' lang='lat' dir='ltr'>philosophi¹</span> <span class='ocrx_word' id='word_1_353' title='bbox 1407 2975 1417 3003; x_wconf 77' lang='grc' dir='ltr'>ε</span> <span class='ocrx_word' id='word_1_354' title='bbox 1450 2977 1472 3002; x_wconf 88' lang='lat'>«</span> <span class='ocrx_word' id='word_1_355' title='bbox 1496 2961 1601 3004; x_wconf 93' lang='lat' dir='ltr'>Non</span> <span class='ocrx_word' id='word_1_356' title='bbox 1628 2957 1942 3006; x_wconf 88' lang='lat' dir='ltr'>coronabitur</span> <span class='ocrx_word' id='word_1_357' title='bbox 1969 2958 2051 3022; x_wconf 91' lang='lat' dir='ltr'>qui</span> <span class='ocrx_word' id='word_1_358' title='bbox 2073 2974 2172 3005; x_wconf 91' lang='lat' dir='ltr'>non</span> <span class='ocrx_word' id='word_1_359' title='bbox 2197 2957 2402 3020; x_wconf 88' lang='lat' dir='ltr'>legitime</span> 
     </span>
     <span class='ocr_line' id='line_1_36' title="bbox 273 3032 2401 3101; baseline 0.003 -27"><span class='ocrx_word' id='word_1_360' title='bbox 273 3032 537 3077; x_wconf 87' lang='lat' dir='ltr'>certaverit.</span> <span class='ocrx_word' id='word_1_361' title='bbox 565 3052 587 3074; x_wconf 85' lang='lat'>»</span> <span class='ocrx_word' id='word_1_362' title='bbox 613 3033 735 3079; x_wconf 90' lang='lat' dir='ltr'>Hinc</span> <span class='ocrx_word' id='word_1_363' title='bbox 766 3042 810 3079; x_wconf 91' lang='lat' dir='ltr'>et</span> <span class='ocrx_word' id='word_1_364' title='bbox 837 3033 955 3081; x_wconf 90' lang='lat' dir='ltr'>illud</span> <span class='ocrx_word' id='word_1_365' title='bbox 977 3035 1126 3099; x_wconf 88' lang='lat' dir='ltr'>ipsius</span> <span class='ocrx_word' id='word_1_366' title='bbox 1151 3035 1468 3101; x_wconf 89' lang='lat' dir='ltr'>philosophiae</span> <span class='ocrx_word' id='word_1_367' title='bbox 1498 3037 1559 3084; x_wconf 92' lang='lat' dir='ltr'>ad</span> <span class='ocrx_word' id='word_1_368' title='bbox 1583 3037 1833 3085; x_wconf 89' lang='lat' dir='ltr'>Boethium</span> <span class='ocrx_word' id='word_1_369' title='bbox 1864 3037 1912 3084; x_wconf 92' lang='lat' dir='ltr'>in</span> <span class='ocrx_word' id='word_1_370' title='bbox 1936 3037 2060 3084; x_wconf 88' lang='lat' dir='ltr'>libro</span> <span class='ocrx_word' id='word_1_371' title='bbox 2085 3046 2255 3101; x_wconf 86' lang='lat' dir='ltr'>quarto</span> <span class='ocrx_word' id='word_1_372' title='bbox 2281 3037 2401 3081; x_wconf 82' lang='lat' dir='ltr'>Con·</span> 
     </span>
     <span class='ocr_line' id='line_1_37' title="bbox 271 3106 2396 3179; baseline 0.004 -28"><span class='ocrx_word' id='word_1_373' title='bbox 271 3106 516 3154; x_wconf 73' lang='lat' dir='ltr'>solutionis</span> <span class='ocrx_word' id='word_1_374' title='bbox 545 3126 639 3156; x_wconf 79' lang='lat' dir='ltr'>suae</span> <span class='ocrx_word' id='word_1_375' title='bbox 680 3129 690 3156; x_wconf 93' lang='lat'>:</span> <span class='ocrx_word' id='word_1_376' title='bbox 717 3129 739 3155; x_wconf 89' lang='lat'>«</span> <span class='ocrx_word' id='word_1_377' title='bbox 760 3113 825 3156; x_wconf 84' lang='lat' dir='ltr'>Ex</span> <span class='ocrx_word' id='word_1_378' title='bbox 864 3127 962 3174; x_wconf 91' lang='lat' dir='ltr'>quo</span> <span class='ocrx_word' id='word_1_379' title='bbox 996 3113 1138 3160; x_wconf 88' lang='lat' dir='ltr'>etiam</span> <span class='ocrx_word' id='word_1_380' title='bbox 1169 3115 1318 3162; x_wconf 86' lang='lat' dir='ltr'>virtus</span> <span class='ocrx_word' id='word_1_381' title='bbox 1349 3126 1565 3175; x_wconf 89' lang='lat' dir='ltr'>vocatur,</span> <span class='ocrx_word' id='word_1_382' title='bbox 1600 3116 1732 3179; x_wconf 91' lang='lat' dir='ltr'>quod</span> <span class='ocrx_word' id='word_1_383' title='bbox 1770 3117 1866 3163; x_wconf 91' lang='lat' dir='ltr'>suis</span> <span class='ocrx_word' id='word_1_384' title='bbox 1894 3115 2074 3163; x_wconf 89' lang='lat' dir='ltr'>viribus</span> <span class='ocrx_word' id='word_1_385' title='bbox 2114 3115 2269 3161; x_wconf 91' lang='lat' dir='ltr'>nitens</span> <span class='ocrx_word' id='word_1_386' title='bbox 2297 3130 2396 3160; x_wconf 88' lang='lat' dir='ltr'>non</span> 
     </span>
    </p>
   </div>
   <div class='ocr_carea' id='block_1_3' title="bbox 317 3284 767 3330">
    <p class='ocr_par' dir='ltr' id='par_1_7' title="bbox 317 3284 767 3330">
     <span class='ocr_line' id='line_1_38' title="bbox 317 3284 767 3330; baseline 0.009 -13"><span class='ocrx_word' id='word_1_387' title='bbox 317 3287 358 3317; x_wconf 81' lang='lat' dir='ltr'>¹T</span> <span class='ocrx_word' id='word_1_388' title='bbox 376 3285 455 3328; x_wconf 84' lang='lat' dir='ltr'>im.,</span> <span class='ocrx_word' id='word_1_389' title='bbox 474 3284 520 3329; x_wconf 73' lang='lat'>11,</span> <span class='ocrx_word' id='word_1_390' title='bbox 545 3297 617 3329; x_wconf 86' lang='lat' dir='ltr'>cap.</span> <span class='ocrx_word' id='word_1_391' title='bbox 636 3298 677 3330; x_wconf 84' lang='lat' dir='ltr'>n,</span> <span class='ocrx_word' id='word_1_392' title='bbox 691 3299 722 3321; x_wconf 91' lang='lat' dir='ltr'>v.</span> <span class='ocrx_word' id='word_1_393' title='bbox 738 3293 767 3323; x_wconf 87' lang='lat'>5.</span> 
     </span>
    </p>
   </div>
  </div>
 </body>
</html>
