2638 3866
1202 161 1511 210 DlALOGUS.
2336 164 2423 211 691

354 259 413 303 Et
445 257 716 304 notandum
760 258 894 322 quod
938 274 1050 306 cum
1080 260 1260 324 justitia
1296 263 1354 310 sit
1393 271 1619 310 constans
1654 262 1801 310 animi
1848 261 2067 309 voluutas
2108 278 2213 325 quae
2249 262 2431 309 unicui-

284 353 405 401 que,
445 336 577 401 quod
615 354 756 385 suum
793 347 862 385 est
895 350 1078 401 servat,
1117 341 1349 391 fortitudo
1383 353 1430 391 et
1466 343 1781 408 temperantia
1818 342 2040 407 potentiae
2068 340 2287 406 quaedam
2324 353 2434 389 sunt

286 427 432 482 atque
466 418 615 466 animi
649 417 799 465 robur
833 435 954 482 qu0‚
987 430 1037 467 ut
1069 438 1214 486 supra
1247 423 1583 484 meminimus,
1617 422 1748 471 bona
1778 422 1968 487 justitiae
2006 421 2228 470 voluntas
2255 421 2433 470 confir-

290 508 462 546 matur.
504 500 720 556 Quorum
756 498 933 546 etenim
966 502 1205 548 contraria
1250 503 1541 568 impotentiae
1576 512 1714 563 sunt,
1754 518 1811 550 ea
1848 502 2064 568 profecto
2107 512 2295 549 constat
2330 519 2431 549 esse

287 579 543 643 potentias.
574 578 806 627 Debilitas
835 595 950 626 vero
979 580 1144 642 animi,
1177 597 1282 645 quae
1311 582 1576 630 fortitudini
1599 584 1840 632 contraria
1861 592 1954 643 est,
1988 582 2205 646 quaedam
2232 583 2332 646 ejus
2357 583 2429 629 in-

289 657 490 706 firmitas
523 669 571 706 et
606 659 896 724 ‘impotentia
932 668 1031 721 est,
1069 677 1216 724 quam
1252 662 1487 725 ignaviam
1532 679 1615 711 seu
1650 662 2087 728 pusillanimitatem
2129 661 2289 710 dicere
2323 678 2430 726 pos-

287 754 471 786 sumus.
502 739 873 804 Intemperantia
897 755 1110 805 quoque,
1139 743 1460 806 temperantiae
1479 742 1696 800 adversa,
1718 741 1939 806 quaedam
1961 740 2257 790 imbecillitas
2279 742 2427 789 animi

284 827 335 863 et
358 819 642 883 impotentia
666 828 761 877 est,
798 818 1197 868 irrationabilium
1223 832 1443 869 motuum
1470 822 1569 886 ejus
1593 821 1876 888 impulsibus
1901 821 2117 868 resistere
2140 837 2240 868 non
2265 822 2426 869 valen-

285 898 371 959 tis,
408 914 436 946 a
471 898 648 963 quibus
682 899 818 963 quasi
857 898 1148 963 quibusdam
1184 901 1461 949 satellitibus
1498 902 1546 949 in
1585 902 1806 950 miseram
1842 901 2070 949 vitiorum
2105 901 2424 966 captivitatem

288 994 424 1026 mens
442 978 634 1027 infirma
659 978 862 1027 trahitur
881 990 925 1027 et
941 996 1151 1044 quorum
1174 980 1416 1030 dominari
1436 981 1604 1030 debuit
1624 981 1795 1030 ancilla
1818 981 1887 1029 fit.
1917 981 2047 1028 Sicut
2069 989 2230 1028 autem
2247 981 2427 1044 justitia

287 1059 509 1107 voluntas
554 1059 633 1107 illa
664 1075 811 1124 quam
845 1059 1077 1123 diximus,
1104 1060 1236 1109 bona
1265 1072 1361 1124 est,
1391 1063 1452 1110 ita
1485 1062 1713 1126 injustitia
1744 1061 1963 1109 voluntas
1991 1060 2245 1108 contraria.
2275 1063 2332 1107 Et
2350 1062 2426 1124 ju-

286 1140 412 1188 stitia
434 1139 631 1204 quidem
655 1139 843 1187 bonum
863 1140 1132 1202 hominem,
1159 1141 1392 1190 fortitudo
1412 1158 1527 1190 vero
1551 1157 1608 1189 ac
1629 1141 1942 1205 temperantia
1965 1139 2172 1206 probum
2193 1138 2423 1198 efficiunt,

282 1220 426 1284 quia,
472 1219 703 1285 quod‘ex
735 1221 814 1268 illa
847 1222 1143 1284 «volumus,
1169 1241 1191 1265 n
1234 1239 1293 1270 ex
1329 1221 1406 1269 his
1443 1222 1505 1270 ad
1541 1221 1847 1270 efficiendum
1884 1220 2027 1268 validi
2065 1236 2244 1267 sumus.
2286 1222 2426 1267 Putas

285 1309 446 1348 autem
466 1317 544 1349 me
567 1301 616 1348 in
642 1302 890 1366 praesentia
913 1302 1096 1367 species
1118 1319 1203 1350 seu
1222 1312 1379 1368 partes
1403 1302 1588 1349 virtutis
1610 1302 1674 1349 ita
1697 1301 1983 1360 distinxisse,
2012 1309 2062 1346 ut
2083 1300 2133 1347 in
2156 1299 2230 1347 his
2252 1298 2425 1364 gradus

286 1397 454 1429 omnes
486 1381 858 1440 concludantur,
888 1381 1063 1447 quibus
1085 1382 1147 1430 ad
1175 1382 1522 1430 beatitudinem
1549 1381 1832 1447 pertingitur
1856 1390 1902 1428 et
1927 1396 2170 1428 summum
2201 1396 2291 1444 pro
2324 1395 2424 1426 me-

283 1461 383 1508 ritis
414 1460 600 1509 bonum
634 1461 1028 1528 apprehenditur.
1058 1465 1196 1510 Nunc
1217 1462 1257 1510 si
1283 1462 1437 1510 visum
1469 1462 1528 1508 sit
1553 1460 1819 1526 prudentiae
1841 1469 1956 1519 tuae,
1985 1458 2103 1524 quid
2133 1459 2181 1505 in
2213 1458 2287 1505 his
2310 1474 2423 1523 pro-

283 1541 402 1589 bare
436 1543 511 1589 vel
551 1543 825 1607 improbare
856 1543 1148 1605 decreveris,
1187 1542 1259 1590 wel
1290 1543 1329 1589 si
1370 1541 1485 1606 quid
1524 1541 1721 1589 fortasse
1766 1540 1827 1589 ad
1872 1539 2215 1606 perfectionem
2249 1538 2425 1586 adden-

284 1621 402 1668 dum
429 1638 532 1669 esse
554 1624 813 1684 censueris,
839 1623 993 1689 parati
1017 1640 1182 1670 sumus
1205 1622 1439 1687 excipere.

349 1704 618 1750 CmusrrAN.
654 1703 730 1750 Sic
758 1702 978 1767 profecto
1011 1703 1255 1750 convenit.
1290 1701 1385 1749 Sed
1413 1701 1693 1766 priusquam
1715 1699 1776 1747 ad
1804 1699 1896 1746 hos
1926 1698 2099 1746 summi
2134 1696 2268 1755 boni,
2303 1712 2424 1759 quos

283 1783 510 1846 posuisti,
549 1781 723 1846 gradus
762 1783 1036 1843 veniamus,
1074 1782 1135 1830 ad
1172 1781 1497 1829 intermissum
1536 1796 1636 1827 non
1671 1779 1924 1826 dimissum
1959 1776 2021 1824 de
2055 1791 2246 1824 summo
2288 1774 2422 1822 bono

284 1862 358 1909 vel
388 1879 581 1910 summo
611 1861 739 1911 malo
761 1861 1045 1910 conflictum
1068 1861 1340 1922 redeamus,
1366 1870 1412 1908 et
1434 1859 1552 1925 quid
1574 1859 1852 1925 simpliciter
1874 1873 2116 1906 summum
2140 1854 2326 1903 bonum
2352 1855 2424 1902 vel

277 1959 525 1991 summum
571 1944 751 1991 malum
786 1942 989 2004 dicatur,
1033 1952 1081 1990 et
1115 1959 1176 1990 an
1217 1940 1349 1990 aliud
1383 1957 1628 1989 summum
1662 1940 1850 1987 bonum
1884 1939 1942 1986 sit
1987 1952 2134 2001 quam
2179 1951 2422 1982 summum

279 2021 495 2070 hominis
526 2023 710 2071 bonum
727 2058 739 2082 ,
768 2021 843 2070 vel
870 2038 1115 2070 summum
1149 2020 1330 2069 malum
1357 2036 1503 2084 quam
1527 2034 1771 2066 summum
1806 2016 2016 2064 hominis
2040 2014 2238 2074 malum,
2265 2012 2421 2060 deter-

284 2112 506 2151 minetur.

669 2169 888 2227 Regressio
911 2167 967 2210 ad
989 2165 1271 2209 intermissam
1292 2164 1611 2224 inquisitionem
1631 2163 1685 2206 de
1707 2176 1876 2205 summo
1895 2160 2030 2202 bono.

349 2268 537 2312 Pinnos.
570 2267 824 2312 Summum
853 2265 1016 2328 utique
1044 2262 1233 2310 bonum
1251 2261 1384 2327 apud
1407 2276 1577 2308 omnes
1596 2267 1723 2306 recte
1745 2253 2140 2322 philosophantes
2166 2267 2264 2299 non
2289 2250 2418 2298 aliud

281 2361 429 2409 quam
467 2348 620 2392 Deum
663 2344 758 2392 dici
795 2353 984 2392 constat
1016 2352 1064 2390 et
1097 2341 1255 2402 credi,
1294 2342 1430 2406 cujus
1469 2339 1646 2388 scilicet
1679 2333 2047 2401 incorporabilis
2083 2341 2131 2380 et
2169 2329 2419 2378 ineffabilis

281 2425 529 2473 beatitudo
564 2435 660 2472 tam
687 2425 909 2491 principii
930 2440 1078 2488 quam
1100 2421 1208 2470 finis
1231 2422 1421 2486 ignara,
1453 2436 1554 2468 non
1581 2417 1745 2482 augeri
1774 2424 1930 2481 potest
1960 2429 2049 2461 nec
2077 2410 2243 2458 minui.
2270 2411 2418 2456 Sum-

283 2522 418 2553 mum
441 2522 558 2553 vero
588 2507 769 2553 malum
792 2521 1032 2553 summam
1053 2503 1380 2568 cujuscunque
1402 2501 1461 2548 sit
1492 2500 1592 2547 sive
1621 2497 1833 2545 hominis
1857 2495 1953 2542 sive
1981 2492 2171 2540 alterius
2194 2499 2420 2538 creaturae

284 2586 524 2634 miseriam
552 2586 629 2633 vel
665 2602 818 2651 poenae
847 2585 1112 2633 cruciatum
1146 2593 1374 2644 autumo,
1403 2579 1616 2627 hominis
1650 2586 1811 2624 autem
1845 2588 2087 2621 summum
2124 2570 2312 2617 bonum
2344 2569 2418 2615 vel

280 2681 526 2712 summum
562 2665 742 2712 malum
776 2666 900 2730 ejus,
938 2665 1061 2712 sicut
1097 2677 1243 2728 supra
1268 2663 1368 2726 jam
1407 2658 1610 2707 memini
1645 2672 1700 2704 ac
1737 2651 2073 2711 determinavi,
2114 2649 2278 2696 suturae
2315 2648 2417 2694 vitae

284 2745 502 2808 requiem
534 2745 607 2792 vel
643 2761 839 2810 poenam
871 2752 1151 2810 perpetuam
1182 2741 1413 2804 intelligo.
1451 2742 1555 2786 Hoc
1592 2737 1752 2800 itaque
1787 2734 1909 2780 inter
1954 2744 2197 2778 summum
2232 2726 2416 2774 bonum

282 2834 330 2872 et
361 2841 604 2872 summum
634 2824 846 2872 hominis
873 2824 1060 2872 bonum
1087 2823 1262 2870 referre
1285 2820 1508 2879 arbitror,
1536 2815 1693 2881 quod,
1728 2815 1847 2862 sicut
1878 2829 1935 2859 ex
1963 2808 2214 2876 praemissis
2237 2807 2409 2870 liquet,

283 2921 527 2952 summum
558 2904 745 2952 bonum
767 2907 896 2951 Deus
924 2905 1027 2969 ipse
1049 2913 1117 2951 est
1140 2901 1215 2950 vel
1238 2902 1339 2965 ejus
1359 2896 1668 2947 beatitudinis
1697 2908 1884 2942 summa
1910 2888 2240 2955 tranquillita8‚
2270 2902 2415 2951 quam

283 2994 442 3032 tamen
474 3001 575 3032 non
608 2983 738 3032 aliud
760 3000 909 3049 quam
929 2984 1104 3048 ipsum,
1136 2982 1442 3038 aestimatum,
1469 2976 1554 3042 qui
1576 2992 1634 3023 ex
1665 2990 1715 3021 se
1741 2973 1863 3038 ipso,
1890 2987 1990 3018 non
2010 2967 2223 3027 aliunde,
2249 2965 2415 3014 beatus

282 3063 380 3124 est'3
407 3081 651 3112 summum
675 3074 836 3112 autem
857 3063 1068 3111 hominis
1087 3061 1275 3110 bonum
1298 3059 1380 3107 illa
1410 3067 1481 3106 est
1503 3064 1733 3123 perpetua
1755 3052 1907 3118 quies,
1933 3050 2031 3098 sive
2060 3048 2243 3108 laetitia,
2269 3060 2415 3110 quam

280 3145 485 3209 quisque
509 3161 598 3210 pro
624 3144 804 3192 meritis
830 3142 1088 3209 posthanc
1110 3142 1256 3190 vitam
1285 3138 1475 3204 recipit,
1502 3136 1601 3184 sive
1632 3134 1682 3181 in
1712 3134 1815 3198 ipsa
1836 3131 2018 3179 visione
2039 3128 2112 3177 vel
2139 3125 2414 3191 cognitione

284 3225 395 3286 Dei,
440 3234 493 3272 ut
526 3225 707 3286 dicitis,
747 3225 845 3272 sive
882 3239 1080 3288 quoquo
1115 3221 1264 3270 modo
1301 3219 1438 3268 aliter
1474 3215 1737 3277 contingat.
1783 3214 2038 3260 Summum
2079 3224 2194 3256 vero
2234 3204 2413 3252 malum
