<?xml version="1.0" encoding="UTF-8"?>
<!DOCTYPE html PUBLIC "-//W3C//DTD XHTML 1.0 Transitional//EN"
    "http://www.w3.org/TR/xhtml1/DTD/xhtml1-transitional.dtd">
<html xmlns="http://www.w3.org/1999/xhtml" xml:lang="en" lang="en">
 <head>
  <title>
</title>
<meta http-equiv="Content-Type" content="text/html;charset=utf-8" />
  <meta name='ocr-system' content='tesseract 3.04.00' />
  <meta name='ocr-capabilities' content='ocr_page ocr_carea ocr_par ocr_line ocrx_word'/>
</head>
<body>
  <div class='ocr_page' id='page_1' title='image "./operahactenusseo00abeluoft_0307.png"; bbox 0 0 2638 3866; ppageno 0'>
   <div class='ocr_carea' id='block_1_1' title="bbox 843 246 2355 298">
    <p class='ocr_par' dir='ltr' id='par_1_1' title="bbox 843 246 2355 298">
     <span class='ocr_line' id='line_1_1' title="bbox 843 246 2355 298; baseline 0.001 -5"><span class='ocrx_word' id='word_1_1' title='bbox 843 249 905 294; x_wconf 83' lang='grc' dir='ltr'>ΙΝ</span> <span class='ocrx_word' id='word_1_2' title='bbox 940 246 1271 296; x_wconf 81' lang='lat' dir='ltr'>EPlSTOLAM</span> <span class='ocrx_word' id='word_1_3' title='bbox 1306 250 1387 297; x_wconf 83' lang='grc' dir='ltr'>ΑΙ)</span> <span class='ocrx_word' id='word_1_4' title='bbox 1421 249 1725 298; x_wconf 86' lang='lat' dir='ltr'><strong>ROMANOS.</strong></span> <span class='ocrx_word' id='word_1_5' title='bbox 2262 250 2355 295; x_wconf 80' lang='lat'>297</span> 
     </span>
    </p>
   </div>
   <div class='ocr_carea' id='block_1_2' title="bbox 213 348 2373 3243">
    <p class='ocr_par' dir='ltr' id='par_1_2' title="bbox 214 348 2361 819">
     <span class='ocr_line' id='line_1_2' title="bbox 216 348 2359 409; baseline -0.002 -10"><span class='ocrx_word' id='word_1_6' title='bbox 216 352 314 400; x_wconf 89' lang='lat' dir='ltr'>sive</span> <span class='ocrx_word' id='word_1_7' title='bbox 344 349 536 398; x_wconf 82' lang='lat' dir='ltr'>Judaeus</span> <span class='ocrx_word' id='word_1_8' title='bbox 565 349 663 397; x_wconf 88' lang='lat' dir='ltr'>sive</span> <span class='ocrx_word' id='word_1_9' title='bbox 685 348 904 397; x_wconf 89' lang='lat' dir='ltr'>Gentilis.</span> <span class='ocrx_word' id='word_1_10' title='bbox 931 368 954 394; x_wconf 89' lang='lat'>«</span> <span class='ocrx_word' id='word_1_11' title='bbox 978 351 1033 396; x_wconf 92' lang='lat' dir='ltr'>In</span> <span class='ocrx_word' id='word_1_12' title='bbox 1063 365 1175 396; x_wconf 87' lang='lat' dir='ltr'>eum</span> <span class='ocrx_word' id='word_1_13' title='bbox 1203 369 1224 394; x_wconf 80' lang='grc' dir='ltr'><strong>υ</strong></span> <span class='ocrx_word' id='word_1_14' title='bbox 1260 367 1361 398; x_wconf 90' lang='lat' dir='ltr'>non</span> <span class='ocrx_word' id='word_1_15' title='bbox 1400 351 1444 398; x_wconf 91' lang='lat' dir='ltr'>ei</span> <span class='ocrx_word' id='word_1_16' title='bbox 1475 360 1656 409; x_wconf 87' lang='lat' dir='ltr'>tamen,</span> <span class='ocrx_word' id='word_1_17' title='bbox 1692 349 1767 397; x_wconf 89' lang='lat' dir='ltr'>vel</span> <span class='ocrx_word' id='word_1_18' title='bbox 1803 366 1932 397; x_wconf 90' lang='lat' dir='ltr'>eum.</span> <span class='ocrx_word' id='word_1_19' title='bbox 1957 369 1979 392; x_wconf 86' lang='lat'>«</span> <span class='ocrx_word' id='word_1_20' title='bbox 2010 352 2114 396; x_wconf 90' lang='lat' dir='ltr'>Non</span> <span class='ocrx_word' id='word_1_21' title='bbox 2148 348 2359 396; x_wconf 86' lang='lat' dir='ltr'>confun-</span> 
     </span>
     <span class='ocr_line' id='line_1_3' title="bbox 215 429 2359 496; baseline -0.002 -17"><span class='ocrx_word' id='word_1_22' title='bbox 215 431 378 491; x_wconf 86' lang='lat' dir='ltr'>detur,</span> <span class='ocrx_word' id='word_1_23' title='bbox 404 452 427 475; x_wconf 69' lang='lat'>2»</span> <span class='ocrx_word' id='word_1_24' title='bbox 454 430 504 478; x_wconf 91' lang='lat' dir='ltr'>id</span> <span class='ocrx_word' id='word_1_25' title='bbox 527 440 598 479; x_wconf 87' lang='lat' dir='ltr'>est</span> <span class='ocrx_word' id='word_1_26' title='bbox 621 447 721 479; x_wconf 91' lang='lat' dir='ltr'>non</span> <span class='ocrx_word' id='word_1_27' title='bbox 744 429 993 478; x_wconf 89' lang='lat' dir='ltr'>erubescet</span> <span class='ocrx_word' id='word_1_28' title='bbox 1019 429 1270 477; x_wconf 88' lang='lat' dir='ltr'>frustratus</span> <span class='ocrx_word' id='word_1_29' title='bbox 1292 447 1377 478; x_wconf 89' lang='lat' dir='ltr'>sua</span> <span class='ocrx_word' id='word_1_30' title='bbox 1400 445 1501 496; x_wconf 87' lang='lat' dir='ltr'>spe.</span> <span class='ocrx_word' id='word_1_31' title='bbox 1538 429 1652 478; x_wconf 91' lang='lat' dir='ltr'>Ideo</span> <span class='ocrx_word' id='word_1_32' title='bbox 1675 429 1792 477; x_wconf 87' lang='lat' dir='ltr'>dicit</span> <span class='ocrx_word' id='word_1_33' title='bbox 1812 429 2022 495; x_wconf 82' lang='lat' dir='ltr'>lapidem</span> <span class='ocrx_word' id='word_1_34' title='bbox 2050 429 2330 477; x_wconf 81' lang='lat' dir='ltr'>offensionis</span> <span class='ocrx_word' id='word_1_35' title='bbox 2348 465 2359 486; x_wconf 89' lang='lat'>,</span> 
     </span>
     <span class='ocr_line' id='line_1_4' title="bbox 214 509 2361 577; baseline -0.001 -18"><span class='ocrx_word' id='word_1_36' title='bbox 214 522 261 559; x_wconf 89' lang='lat' dir='ltr'>et</span> <span class='ocrx_word' id='word_1_37' title='bbox 284 522 470 577; x_wconf 86' lang='lat' dir='ltr'>petram</span> <span class='ocrx_word' id='word_1_38' title='bbox 505 511 735 571; x_wconf 87' lang='lat' dir='ltr'>scandali,</span> <span class='ocrx_word' id='word_1_39' title='bbox 769 520 818 558; x_wconf 89' lang='lat' dir='ltr'>et</span> <span class='ocrx_word' id='word_1_40' title='bbox 853 509 948 558; x_wconf 88' lang='lat' dir='ltr'>hoc</span> <span class='ocrx_word' id='word_1_41' title='bbox 985 510 1034 557; x_wconf 90' lang='lat' dir='ltr'>in</span> <span class='ocrx_word' id='word_1_42' title='bbox 1081 510 1330 576; x_wconf 78' lang='lat' dir='ltr'><strong>Prophetis</strong></span> <span class='ocrx_word' id='word_1_43' title='bbox 1363 511 1637 576; x_wconf 79' lang='lat' dir='ltr'>frequenter</span> <span class='ocrx_word' id='word_1_44' title='bbox 1673 510 1846 570; x_wconf 89' lang='lat' dir='ltr'>evenit,</span> <span class='ocrx_word' id='word_1_45' title='bbox 1887 520 1938 557; x_wconf 92' lang='lat' dir='ltr'>ut</span> <span class='ocrx_word' id='word_1_46' title='bbox 1973 511 2019 557; x_wconf 89' lang='lat' dir='ltr'>in</span> <span class='ocrx_word' id='word_1_47' title='bbox 2055 509 2224 557; x_wconf 89' lang='lat' dir='ltr'>eadem</span> <span class='ocrx_word' id='word_1_48' title='bbox 2254 526 2361 556; x_wconf 88' lang='lat' dir='ltr'>sen-</span> 
     </span>
     <span class='ocr_line' id='line_1_5' title="bbox 214 581 2359 656; baseline -0 -18"><span class='ocrx_word' id='word_1_49' title='bbox 214 593 362 640; x_wconf 90' lang='lat' dir='ltr'>tentia</span> <span class='ocrx_word' id='word_1_50' title='bbox 390 593 635 641; x_wconf 88' lang='lat' dir='ltr'>varientur</span> <span class='ocrx_word' id='word_1_51' title='bbox 663 581 827 640; x_wconf 87' lang='lat' dir='ltr'>verba.</span> <span class='ocrx_word' id='word_1_52' title='bbox 867 611 890 634; x_wconf 76' lang='lat' dir='ltr'>c&lt;</span> <span class='ocrx_word' id='word_1_53' title='bbox 923 591 1057 638; x_wconf 89' lang='lat' dir='ltr'>Sion.</span> <span class='ocrx_word' id='word_1_54' title='bbox 1101 610 1125 635; x_wconf 89' lang='lat'>»</span> <span class='ocrx_word' id='word_1_55' title='bbox 1165 594 1217 638; x_wconf 90' lang='lat' dir='ltr'>In</span> <span class='ocrx_word' id='word_1_56' title='bbox 1262 591 1459 656; x_wconf 88' lang='lat' dir='ltr'>speculo</span> <span class='ocrx_word' id='word_1_57' title='bbox 1495 591 1672 639; x_wconf 89' lang='lat' dir='ltr'>dicitur</span> <span class='ocrx_word' id='word_1_58' title='bbox 1715 590 1920 638; x_wconf 87' lang='lat' dir='ltr'>Ecclesia</span> <span class='ocrx_word' id='word_1_59' title='bbox 1942 625 1953 645; x_wconf 95' lang='lat'>,</span> <span class='ocrx_word' id='word_1_60' title='bbox 1987 608 2092 656; x_wconf 80' lang='lat' dir='ltr'>quae</span> <span class='ocrx_word' id='word_1_61' title='bbox 2126 592 2172 637; x_wconf 88' lang='lat' dir='ltr'>in</span> <span class='ocrx_word' id='word_1_62' title='bbox 2210 590 2359 638; x_wconf 87' lang='lat' dir='ltr'>altum</span> 
     </span>
     <span class='ocr_line' id='line_1_6' title="bbox 214 670 2360 737; baseline -0.001 -18"><span class='ocrx_word' id='word_1_63' title='bbox 214 688 264 719; x_wconf 90' lang='lat' dir='ltr'>se</span> <span class='ocrx_word' id='word_1_64' title='bbox 296 689 383 737; x_wconf 89' lang='lat' dir='ltr'>per</span> <span class='ocrx_word' id='word_1_65' title='bbox 413 673 705 722; x_wconf 90' lang='lat' dir='ltr'>desiderium</span> <span class='ocrx_word' id='word_1_66' title='bbox 741 671 962 720; x_wconf 88' lang='lat' dir='ltr'>attollens</span> <span class='ocrx_word' id='word_1_67' title='bbox 994 688 1193 719; x_wconf 90' lang='lat' dir='ltr'>omnem</span> <span class='ocrx_word' id='word_1_68' title='bbox 1229 687 1365 719; x_wconf 89' lang='lat' dir='ltr'>suam</span> <span class='ocrx_word' id='word_1_69' title='bbox 1408 672 1608 720; x_wconf 84' lang='lat' dir='ltr'>sollicite</span> <span class='ocrx_word' id='word_1_70' title='bbox 1637 687 1783 737; x_wconf 91' lang='lat' dir='ltr'>quam</span> <span class='ocrx_word' id='word_1_71' title='bbox 1821 670 1965 719; x_wconf 86' lang='lat' dir='ltr'>habet</span> <span class='ocrx_word' id='word_1_72' title='bbox 1997 672 2235 719; x_wconf 76' lang='lat' dir='ltr'>actionem</span> <span class='ocrx_word' id='word_1_73' title='bbox 2270 672 2360 718; x_wconf 86' lang='lat' dir='ltr'>cir-</span> 
     </span>
     <span class='ocr_line' id='line_1_7' title="bbox 215 751 1576 819; baseline 0.001 -20"><span class='ocrx_word' id='word_1_74' title='bbox 215 753 486 819; x_wconf 88' lang='lat' dir='ltr'>cumspicit,</span> <span class='ocrx_word' id='word_1_75' title='bbox 513 771 574 801; x_wconf 89' lang='lat' dir='ltr'>ne</span> <span class='ocrx_word' id='word_1_76' title='bbox 597 769 864 819; x_wconf 87' lang='lat' dir='ltr'>supernum</span> <span class='ocrx_word' id='word_1_77' title='bbox 887 753 989 817; x_wconf 91' lang='lat' dir='ltr'>ejus</span> <span class='ocrx_word' id='word_1_78' title='bbox 1011 751 1244 818; x_wconf 86' lang='lat' dir='ltr'>impediat</span> <span class='ocrx_word' id='word_1_79' title='bbox 1265 751 1576 800; x_wconf 89' lang='lat' dir='ltr'>desiderium.</span> 
     </span>
    </p>

    <p class='ocr_par' dir='ltr' id='par_1_3' title="bbox 213 820 2373 3243">
     <span class='ocr_line' id='line_1_8' title="bbox 258 820 2362 899; baseline 0 -21"><span class='ocrx_word' id='word_1_80' title='bbox 258 854 309 878; x_wconf 87' lang='lat'>·«</span> <span class='ocrx_word' id='word_1_81' title='bbox 336 832 584 882; x_wconf 56' lang='lat' dir='ltr'>Fratres.»</span> <span class='ocrx_word' id='word_1_82' title='bbox 612 837 680 882; x_wconf 87' lang='lat' dir='ltr'>Ne</span> <span class='ocrx_word' id='word_1_83' title='bbox 712 820 955 882; x_wconf 85' lang='lat' dir='ltr'>videretur</span> <span class='ocrx_word' id='word_1_84' title='bbox 985 834 1239 899; x_wconf 86' lang='lat' dir='ltr'>Apostolus</span> <span class='ocrx_word' id='word_1_85' title='bbox 1271 833 1355 898; x_wconf 90' lang='lat' dir='ltr'>qui</span> <span class='ocrx_word' id='word_1_86' title='bbox 1385 850 1413 881; x_wconf 88' lang='lat' dir='ltr'>a</span> <span class='ocrx_word' id='word_1_87' title='bbox 1443 833 1618 881; x_wconf 80' lang='lat' dir='ltr'>Judaeis</span> <span class='ocrx_word' id='word_1_88' title='bbox 1642 843 1926 891; x_wconf 83' lang='lat' dir='ltr'>recesserat,</span> <span class='ocrx_word' id='word_1_89' title='bbox 1963 850 2019 880; x_wconf 88' lang='lat' dir='ltr'>ex</span> <span class='ocrx_word' id='word_1_90' title='bbox 2051 833 2212 898; x_wconf 84' lang='lat' dir='ltr'>aliquo</span> <span class='ocrx_word' id='word_1_91' title='bbox 2247 833 2362 880; x_wconf 84' lang='lat' dir='ltr'>odio</span> 
     </span>
     <span class='ocr_line' id='line_1_9' title="bbox 217 913 2363 981; baseline -0.001 -19"><span class='ocrx_word' id='word_1_92' title='bbox 217 915 366 980; x_wconf 85' lang='lat' dir='ltr'>magis</span> <span class='ocrx_word' id='word_1_93' title='bbox 401 931 548 980; x_wconf 87' lang='lat' dir='ltr'>quam</span> <span class='ocrx_word' id='word_1_94' title='bbox 581 932 638 963; x_wconf 84' lang='lat' dir='ltr'>ex</span> <span class='ocrx_word' id='word_1_95' title='bbox 667 915 826 963; x_wconf 88' lang='lat' dir='ltr'>studio</span> <span class='ocrx_word' id='word_1_96' title='bbox 855 913 1126 979; x_wconf 86' lang='lat' dir='ltr'>corrigendi</span> <span class='ocrx_word' id='word_1_97' title='bbox 1159 931 1243 962; x_wconf 92' lang='lat' dir='ltr'>eos</span> <span class='ocrx_word' id='word_1_98' title='bbox 1264 915 1577 981; x_wconf 84' lang='lat' dir='ltr'>vituperasse,</span> <span class='ocrx_word' id='word_1_99' title='bbox 1606 915 1817 963; x_wconf 88' lang='lat' dir='ltr'>ostendit</span> <span class='ocrx_word' id='word_1_100' title='bbox 1842 915 1892 962; x_wconf 93' lang='lat' dir='ltr'>in</span> <span class='ocrx_word' id='word_1_101' title='bbox 1925 915 2097 962; x_wconf 78' lang='lat' dir='ltr'>effectu</span> <span class='ocrx_word' id='word_1_102' title='bbox 2129 924 2363 978; x_wconf 86' lang='lat' dir='ltr'>quantum</span> 
     </span>
     <span class='ocr_line' id='line_1_10' title="bbox 217 995 2364 1061; baseline -0.001 -18"><span class='ocrx_word' id='word_1_103' title='bbox 217 996 425 1043; x_wconf 87' lang='lat' dir='ltr'>caritatis</span> <span class='ocrx_word' id='word_1_104' title='bbox 457 996 682 1045; x_wconf 80' lang='lat' dir='ltr'>affectum</span> <span class='ocrx_word' id='word_1_105' title='bbox 708 997 756 1043; x_wconf 91' lang='lat' dir='ltr'>in</span> <span class='ocrx_word' id='word_1_106' title='bbox 794 1013 878 1044; x_wconf 91' lang='lat' dir='ltr'>eos</span> <span class='ocrx_word' id='word_1_107' title='bbox 901 1005 948 1043; x_wconf 91' lang='lat' dir='ltr'>et</span> <span class='ocrx_word' id='word_1_108' title='bbox 972 996 1361 1061; x_wconf 88' lang='lat' dir='ltr'>compassionem</span> <span class='ocrx_word' id='word_1_109' title='bbox 1385 995 1579 1058; x_wconf 85' lang='lat' dir='ltr'>habeat,</span> <span class='ocrx_word' id='word_1_110' title='bbox 1616 996 1781 1044; x_wconf 90' lang='lat' dir='ltr'>dicens</span> <span class='ocrx_word' id='word_1_111' title='bbox 1805 1013 1855 1044; x_wconf 89' lang='lat' dir='ltr'>se</span> <span class='ocrx_word' id='word_1_112' title='bbox 1881 997 2063 1044; x_wconf 90' lang='lat' dir='ltr'>intente</span> <span class='ocrx_word' id='word_1_113' title='bbox 2097 1011 2185 1061; x_wconf 89' lang='lat' dir='ltr'>pro</span> <span class='ocrx_word' id='word_1_114' title='bbox 2217 995 2364 1042; x_wconf 88' lang='lat' dir='ltr'>salute</span> 
     </span>
     <span class='ocr_line' id='line_1_11' title="bbox 214 1076 2363 1136; baseline -0 -12"><span class='ocrx_word' id='word_1_115' title='bbox 214 1093 385 1124; x_wconf 89' lang='lat' dir='ltr'>eorum</span> <span class='ocrx_word' id='word_1_116' title='bbox 415 1080 575 1125; x_wconf 87' lang='lat' dir='ltr'>Deum</span> <span class='ocrx_word' id='word_1_117' title='bbox 612 1093 828 1125; x_wconf 85' lang='lat' dir='ltr'>exorare.</span> <span class='ocrx_word' id='word_1_118' title='bbox 869 1078 992 1124; x_wconf 90' lang='lat' dir='ltr'>Cum</span> <span class='ocrx_word' id='word_1_119' title='bbox 1028 1078 1156 1124; x_wconf 90' lang='lat' dir='ltr'>enim</span> <span class='ocrx_word' id='word_1_120' title='bbox 1188 1076 1321 1136; x_wconf 90' lang='lat' dir='ltr'>dicit,</span> <span class='ocrx_word' id='word_1_121' title='bbox 1368 1077 1631 1124; x_wconf 88' lang='lat' dir='ltr'>«Voluntas</span> <span class='ocrx_word' id='word_1_122' title='bbox 1666 1077 1826 1124; x_wconf 91' lang='lat' dir='ltr'>cordis</span> <span class='ocrx_word' id='word_1_123' title='bbox 1864 1087 1910 1125; x_wconf 92' lang='lat' dir='ltr'>et</span> <span class='ocrx_word' id='word_1_124' title='bbox 1948 1076 2233 1135; x_wconf 87' lang='lat' dir='ltr'>obsecratio,</span> <span class='ocrx_word' id='word_1_125' title='bbox 2254 1098 2275 1119; x_wconf 90' lang='lat'>»</span> <span class='ocrx_word' id='word_1_126' title='bbox 2309 1094 2363 1123; x_wconf 80' lang='lat' dir='ltr'>ex</span> 
     </span>
     <span class='ocr_line' id='line_1_12' title="bbox 217 1156 2366 1223; baseline -0 -18"><span class='ocrx_word' id='word_1_127' title='bbox 217 1156 477 1206; x_wconf 87' lang='lat' dir='ltr'>devotione</span> <span class='ocrx_word' id='word_1_128' title='bbox 506 1158 666 1206; x_wconf 90' lang='lat' dir='ltr'>cordis</span> <span class='ocrx_word' id='word_1_129' title='bbox 696 1158 968 1206; x_wconf 88' lang='lat' dir='ltr'>orationem</span> <span class='ocrx_word' id='word_1_130' title='bbox 996 1157 1259 1223; x_wconf 82' lang='lat' dir='ltr'>procedere</span> <span class='ocrx_word' id='word_1_131' title='bbox 1283 1158 1599 1218; x_wconf 90' lang='lat' dir='ltr'>demonstrat,</span> <span class='ocrx_word' id='word_1_132' title='bbox 1631 1168 1677 1206; x_wconf 88' lang='lat' dir='ltr'>et</span> <span class='ocrx_word' id='word_1_133' title='bbox 1712 1158 1861 1222; x_wconf 88' lang='lat' dir='ltr'>magis</span> <span class='ocrx_word' id='word_1_134' title='bbox 1891 1175 1997 1205; x_wconf 87' lang='lat' dir='ltr'>eam</span> <span class='ocrx_word' id='word_1_135' title='bbox 2030 1159 2079 1205; x_wconf 92' lang='lat' dir='ltr'>in</span> <span class='ocrx_word' id='word_1_136' title='bbox 2109 1158 2366 1205; x_wconf 88' lang='lat' dir='ltr'>devotione</span> 
     </span>
     <span class='ocr_line' id='line_1_13' title="bbox 216 1236 2366 1304; baseline 0 -19"><span class='ocrx_word' id='word_1_137' title='bbox 216 1254 362 1303; x_wconf 91' lang='lat' dir='ltr'>quam</span> <span class='ocrx_word' id='word_1_138' title='bbox 386 1239 435 1285; x_wconf 91' lang='lat' dir='ltr'>in</span> <span class='ocrx_word' id='word_1_139' title='bbox 462 1238 620 1287; x_wconf 90' lang='lat' dir='ltr'>verbis</span> <span class='ocrx_word' id='word_1_140' title='bbox 642 1239 921 1287; x_wconf 88' lang='lat' dir='ltr'>consistere.</span> <span class='ocrx_word' id='word_1_141' title='bbox 955 1242 1027 1286; x_wconf 77' lang='lat' dir='ltr'>Ae·</span> <span class='ocrx_word' id='word_1_142' title='bbox 1053 1239 1092 1286; x_wconf 90' lang='lat' dir='ltr'>si</span> <span class='ocrx_word' id='word_1_143' title='bbox 1117 1236 1244 1287; x_wconf 87' lang='lat' dir='ltr'>dicat</span> <span class='ocrx_word' id='word_1_144' title='bbox 1270 1258 1279 1286; x_wconf 91' lang='lat'>:</span> <span class='ocrx_word' id='word_1_145' title='bbox 1307 1240 1438 1288; x_wconf 92' lang='lat' dir='ltr'>Licet</span> <span class='ocrx_word' id='word_1_146' title='bbox 1467 1240 1534 1287; x_wconf 89' lang='lat' dir='ltr'>sic</span> <span class='ocrx_word' id='word_1_147' title='bbox 1565 1256 1649 1287; x_wconf 91' lang='lat' dir='ltr'>eos</span> <span class='ocrx_word' id='word_1_148' title='bbox 1677 1240 1970 1304; x_wconf 82' lang='lat' dir='ltr'>vituperem,</span> <span class='ocrx_word' id='word_1_149' title='bbox 1997 1249 2182 1300; x_wconf 90' lang='lat' dir='ltr'>tamen,</span> <span class='ocrx_word' id='word_1_150' title='bbox 2217 1256 2246 1286; x_wconf 96' lang='lat' dir='ltr'>o</span> <span class='ocrx_word' id='word_1_151' title='bbox 2282 1255 2366 1285; x_wconf 87' lang='lat' dir='ltr'>vos</span> 
     </span>
     <span class='ocr_line' id='line_1_14' title="bbox 215 1318 2368 1386; baseline 0 -20"><span class='ocrx_word' id='word_1_152' title='bbox 215 1318 399 1379; x_wconf 72' lang='lat' dir='ltr'>Fratres,</span> <span class='ocrx_word' id='word_1_153' title='bbox 427 1336 566 1367; x_wconf 88' lang='lat' dir='ltr'>orare</span> <span class='ocrx_word' id='word_1_154' title='bbox 589 1337 679 1386; x_wconf 89' lang='lat' dir='ltr'>pro</span> <span class='ocrx_word' id='word_1_155' title='bbox 709 1320 800 1368; x_wconf 92' lang='lat' dir='ltr'>illis</span> <span class='ocrx_word' id='word_1_156' title='bbox 825 1330 876 1368; x_wconf 93' lang='lat' dir='ltr'>ut</span> <span class='ocrx_word' id='word_1_157' title='bbox 905 1320 1148 1368; x_wconf 88' lang='lat' dir='ltr'>salventur</span> <span class='ocrx_word' id='word_1_158' title='bbox 1174 1337 1273 1368; x_wconf 91' lang='lat' dir='ltr'>non</span> <span class='ocrx_word' id='word_1_159' title='bbox 1306 1321 1501 1368; x_wconf 87' lang='lat' dir='ltr'>desisto.</span> <span class='ocrx_word' id='word_1_160' title='bbox 1534 1319 1670 1368; x_wconf 89' lang='lat' dir='ltr'>Unde</span> <span class='ocrx_word' id='word_1_161' title='bbox 1697 1330 1743 1367; x_wconf 91' lang='lat' dir='ltr'>et</span> <span class='ocrx_word' id='word_1_162' title='bbox 1772 1319 1978 1367; x_wconf 86' lang='lat' dir='ltr'>Ecclesia</span> <span class='ocrx_word' id='word_1_163' title='bbox 2009 1320 2206 1385; x_wconf 87' lang='lat' dir='ltr'>singulis</span> <span class='ocrx_word' id='word_1_164' title='bbox 2231 1321 2368 1367; x_wconf 88' lang='lat' dir='ltr'>annis</span> 
     </span>
     <span class='ocr_line' id='line_1_15' title="bbox 215 1399 2368 1466; baseline 0.001 -21"><span class='ocrx_word' id='word_1_165' title='bbox 215 1399 472 1464; x_wconf 86' lang='lat' dir='ltr'>specialem</span> <span class='ocrx_word' id='word_1_166' title='bbox 507 1417 597 1466; x_wconf 92' lang='lat' dir='ltr'>pro</span> <span class='ocrx_word' id='word_1_167' title='bbox 629 1401 804 1448; x_wconf 83' lang='lat' dir='ltr'>Judaeis</span> <span class='ocrx_word' id='word_1_168' title='bbox 833 1402 1105 1449; x_wconf 89' lang='lat' dir='ltr'>orationem</span> <span class='ocrx_word' id='word_1_169' title='bbox 1141 1400 1304 1462; x_wconf 86' lang='lat' dir='ltr'>habet,</span> <span class='ocrx_word' id='word_1_170' title='bbox 1342 1411 1396 1448; x_wconf 91' lang='lat' dir='ltr'>ut</span> <span class='ocrx_word' id='word_1_171' title='bbox 1433 1404 1564 1448; x_wconf 90' lang='lat' dir='ltr'>Deus</span> <span class='ocrx_word' id='word_1_172' title='bbox 1603 1400 1785 1448; x_wconf 83' lang='lat' dir='ltr'>auferat</span> <span class='ocrx_word' id='word_1_173' title='bbox 1821 1402 2037 1449; x_wconf 82' lang='lat' dir='ltr'>velamen</span> <span class='ocrx_word' id='word_1_174' title='bbox 2076 1418 2103 1447; x_wconf 88' lang='lat' dir='ltr'>a</span> <span class='ocrx_word' id='word_1_175' title='bbox 2140 1400 2368 1448; x_wconf 87' lang='lat' dir='ltr'>cordibus</span> 
     </span>
     <span class='ocr_line' id='line_1_16' title="bbox 216 1480 2368 1547; baseline 0.001 -21"><span class='ocrx_word' id='word_1_176' title='bbox 216 1495 404 1542; x_wconf 89' lang='lat' dir='ltr'>eorum,</span> <span class='ocrx_word' id='word_1_177' title='bbox 427 1491 476 1529; x_wconf 88' lang='lat' dir='ltr'>et</span> <span class='ocrx_word' id='word_1_178' title='bbox 497 1482 657 1546; x_wconf 87' lang='lat' dir='ltr'>agnita</span> <span class='ocrx_word' id='word_1_179' title='bbox 688 1483 885 1529; x_wconf 87' lang='lat' dir='ltr'>veritate</span> <span class='ocrx_word' id='word_1_180' title='bbox 914 1498 1021 1545; x_wconf 86' lang='lat' dir='ltr'>quae</span> <span class='ocrx_word' id='word_1_181' title='bbox 1048 1480 1264 1528; x_wconf 89' lang='lat' dir='ltr'>Christus</span> <span class='ocrx_word' id='word_1_182' title='bbox 1288 1491 1375 1544; x_wconf 89' lang='lat' dir='ltr'>est,</span> <span class='ocrx_word' id='word_1_183' title='bbox 1408 1481 1469 1529; x_wconf 88' lang='lat' dir='ltr'>ad</span> <span class='ocrx_word' id='word_1_184' title='bbox 1497 1482 1657 1547; x_wconf 90' lang='lat' dir='ltr'>ipsum</span> <span class='ocrx_word' id='word_1_185' title='bbox 1680 1492 2045 1529; x_wconf 84' lang='lat' dir='ltr'>convertantur.</span> <span class='ocrx_word' id='word_1_186' title='bbox 2073 1485 2258 1529; x_wconf 85' lang='lat' dir='ltr'>Fratres</span> <span class='ocrx_word' id='word_1_187' title='bbox 2286 1499 2368 1529; x_wconf 87' lang='lat' dir='ltr'>eos</span> 
     </span>
     <span class='ocr_line' id='line_1_17' title="bbox 217 1560 2370 1628; baseline 0 -20"><span class='ocrx_word' id='word_1_188' title='bbox 217 1560 392 1625; x_wconf 86' lang='lat' dir='ltr'>quibus</span> <span class='ocrx_word' id='word_1_189' title='bbox 427 1562 592 1609; x_wconf 85' lang='lat' dir='ltr'>scribit</span> <span class='ocrx_word' id='word_1_190' title='bbox 626 1563 898 1628; x_wconf 86' lang='lat' dir='ltr'>Apostolus,</span> <span class='ocrx_word' id='word_1_191' title='bbox 933 1562 1065 1622; x_wconf 89' lang='lat' dir='ltr'>dicit,</span> <span class='ocrx_word' id='word_1_192' title='bbox 1104 1563 1373 1610; x_wconf 89' lang='lat' dir='ltr'>secundum</span> <span class='ocrx_word' id='word_1_193' title='bbox 1408 1563 1544 1627; x_wconf 93' lang='lat' dir='ltr'>quod</span> <span class='ocrx_word' id='word_1_194' title='bbox 1568 1563 1753 1610; x_wconf 88' lang='lat' dir='ltr'>Veritas</span> <span class='ocrx_word' id='word_1_195' title='bbox 1775 1564 1900 1610; x_wconf 81' lang='lat' dir='ltr'>ait¹z</span> <span class='ocrx_word' id='word_1_196' title='bbox 1934 1564 2099 1609; x_wconf 91' lang='lat' dir='ltr'>«Unus</span> <span class='ocrx_word' id='word_1_197' title='bbox 2134 1572 2204 1609; x_wconf 90' lang='lat' dir='ltr'>est</span> <span class='ocrx_word' id='word_1_198' title='bbox 2240 1563 2370 1609; x_wconf 89' lang='lat' dir='ltr'>enim</span> 
     </span>
     <span class='ocr_line' id='line_1_18' title="bbox 216 1642 2365 1709; baseline 0 -19"><span class='ocrx_word' id='word_1_199' title='bbox 216 1650 352 1706; x_wconf 87' lang='lat' dir='ltr'>pater</span> <span class='ocrx_word' id='word_1_200' title='bbox 375 1652 531 1691; x_wconf 88' lang='lat' dir='ltr'>vester</span> <span class='ocrx_word' id='word_1_201' title='bbox 554 1644 637 1708; x_wconf 91' lang='lat' dir='ltr'>qui</span> <span class='ocrx_word' id='word_1_202' title='bbox 657 1643 705 1690; x_wconf 92' lang='lat' dir='ltr'>in</span> <span class='ocrx_word' id='word_1_203' title='bbox 730 1642 862 1691; x_wconf 88' lang='lat' dir='ltr'>coelis</span> <span class='ocrx_word' id='word_1_204' title='bbox 889 1653 977 1704; x_wconf 87' lang='lat' dir='ltr'>est,</span> <span class='ocrx_word' id='word_1_205' title='bbox 997 1663 1020 1688; x_wconf 89' lang='lat'>»</span> <span class='ocrx_word' id='word_1_206' title='bbox 1050 1653 1102 1691; x_wconf 91' lang='lat' dir='ltr'>ut</span> <span class='ocrx_word' id='word_1_207' title='bbox 1133 1643 1234 1707; x_wconf 91' lang='lat' dir='ltr'>ejus</span> <span class='ocrx_word' id='word_1_208' title='bbox 1267 1644 1626 1709; x_wconf 89' lang='lat' dir='ltr'>correptionem</span> <span class='ocrx_word' id='word_1_209' title='bbox 1651 1644 1785 1708; x_wconf 88' lang='lat' dir='ltr'>quasi</span> <span class='ocrx_word' id='word_1_210' title='bbox 1819 1659 1844 1690; x_wconf 89' lang='lat' dir='ltr'>a</span> <span class='ocrx_word' id='word_1_211' title='bbox 1871 1644 2011 1691; x_wconf 87' lang='lat' dir='ltr'>fratre</span> <span class='ocrx_word' id='word_1_212' title='bbox 2043 1652 2090 1690; x_wconf 89' lang='lat' dir='ltr'>et</span> <span class='ocrx_word' id='word_1_213' title='bbox 2120 1659 2365 1708; x_wconf 89' lang='lat' dir='ltr'>compare,</span> 
     </span>
     <span class='ocr_line' id='line_1_19' title="bbox 216 1723 2371 1790; baseline 0 -21"><span class='ocrx_word' id='word_1_214' title='bbox 216 1739 316 1770; x_wconf 87' lang='lat' dir='ltr'>non</span> <span class='ocrx_word' id='word_1_215' title='bbox 353 1725 620 1789; x_wconf 86' lang='lat' dir='ltr'>superiore,</span> <span class='ocrx_word' id='word_1_216' title='bbox 655 1723 883 1771; x_wconf 88' lang='lat' dir='ltr'>libentius</span> <span class='ocrx_word' id='word_1_217' title='bbox 920 1725 1234 1790; x_wconf 84' lang='lat' dir='ltr'>susciperent.</span> <span class='ocrx_word' id='word_1_218' title='bbox 1272 1723 1411 1771; x_wconf 89' lang='lat' dir='ltr'>Unde</span> <span class='ocrx_word' id='word_1_219' title='bbox 1449 1723 1551 1771; x_wconf 79' lang='lat' dir='ltr'>haec</span> <span class='ocrx_word' id='word_1_220' title='bbox 1589 1734 1636 1771; x_wconf 88' lang='lat' dir='ltr'>et</span> <span class='ocrx_word' id='word_1_221' title='bbox 1672 1725 1720 1771; x_wconf 90' lang='lat' dir='ltr'>in</span> <span class='ocrx_word' id='word_1_222' title='bbox 1760 1724 1972 1772; x_wconf 83' lang='lat' dir='ltr'>Ecclesia</span> <span class='ocrx_word' id='word_1_223' title='bbox 2010 1724 2210 1771; x_wconf 86' lang='lat' dir='ltr'>inolevit</span> <span class='ocrx_word' id='word_1_224' title='bbox 2253 1741 2371 1771; x_wconf 84' lang='lat' dir='ltr'>con-</span> 
     </span>
     <span class='ocr_line' id='line_1_20' title="bbox 216 1804 2371 1870; baseline 0.001 -20"><span class='ocrx_word' id='word_1_225' title='bbox 216 1804 440 1864; x_wconf 88' lang='lat' dir='ltr'>suetudo,</span> <span class='ocrx_word' id='word_1_226' title='bbox 468 1813 520 1851; x_wconf 90' lang='lat' dir='ltr'>ut</span> <span class='ocrx_word' id='word_1_227' title='bbox 542 1804 591 1851; x_wconf 92' lang='lat' dir='ltr'>in</span> <span class='ocrx_word' id='word_1_228' title='bbox 614 1805 825 1852; x_wconf 85' lang='lat' dir='ltr'>exordiis</span> <span class='ocrx_word' id='word_1_229' title='bbox 847 1805 1131 1864; x_wconf 90' lang='lat' dir='ltr'>lectionum,</span> <span class='ocrx_word' id='word_1_230' title='bbox 1157 1821 1264 1869; x_wconf 85' lang='lat' dir='ltr'>quae</span> <span class='ocrx_word' id='word_1_231' title='bbox 1286 1804 1347 1852; x_wconf 92' lang='lat' dir='ltr'>de</span> <span class='ocrx_word' id='word_1_232' title='bbox 1374 1804 1600 1869; x_wconf 86' lang='lat' dir='ltr'>Epistolis</span> <span class='ocrx_word' id='word_1_233' title='bbox 1621 1804 1903 1870; x_wconf 88' lang='lat' dir='ltr'>Apostolicis</span> <span class='ocrx_word' id='word_1_234' title='bbox 1927 1814 2202 1865; x_wconf 90' lang='lat' dir='ltr'>sumuntur,</span> <span class='ocrx_word' id='word_1_235' title='bbox 2229 1825 2251 1850; x_wconf 91' lang='lat'>«</span> <span class='ocrx_word' id='word_1_236' title='bbox 2280 1805 2371 1853; x_wconf 84' lang='lat' dir='ltr'>fra·</span> 
     </span>
     <span class='ocr_line' id='line_1_21' title="bbox 216 1885 2371 1951; baseline 0.001 -20"><span class='ocrx_word' id='word_1_237' title='bbox 216 1893 312 1931; x_wconf 90' lang='lat' dir='ltr'>tres</span> <span class='ocrx_word' id='word_1_238' title='bbox 330 1904 354 1929; x_wconf 91' lang='lat'>»</span> <span class='ocrx_word' id='word_1_239' title='bbox 392 1885 765 1950; x_wconf 81' lang='lat' dir='ltr'>praenuncietur.</span> <span class='ocrx_word' id='word_1_240' title='bbox 800 1886 925 1943; x_wconf 87' lang='lat' dir='ltr'>Quia</span> <span class='ocrx_word' id='word_1_241' title='bbox 954 1894 1115 1933; x_wconf 91' lang='lat' dir='ltr'>autem</span> <span class='ocrx_word' id='word_1_242' title='bbox 1153 1902 1245 1951; x_wconf 91' lang='lat' dir='ltr'>pro</span> <span class='ocrx_word' id='word_1_243' title='bbox 1284 1885 1458 1932; x_wconf 87' lang='lat' dir='ltr'>Judaeis</span> <span class='ocrx_word' id='word_1_244' title='bbox 1495 1885 1734 1933; x_wconf 87' lang='lat' dir='ltr'>orandum</span> <span class='ocrx_word' id='word_1_245' title='bbox 1760 1896 1847 1948; x_wconf 91' lang='lat' dir='ltr'>est,</span> <span class='ocrx_word' id='word_1_246' title='bbox 1876 1886 1950 1934; x_wconf 91' lang='lat' dir='ltr'>vel</span> <span class='ocrx_word' id='word_1_247' title='bbox 1973 1902 2143 1934; x_wconf 85' lang='lat' dir='ltr'>eorum</span> <span class='ocrx_word' id='word_1_248' title='bbox 2167 1886 2371 1933; x_wconf 87' lang='lat' dir='ltr'>maxime</span> 
     </span>
     <span class='ocr_line' id='line_1_22' title="bbox 216 1965 2370 2032; baseline 0 -20"><span class='ocrx_word' id='word_1_249' title='bbox 216 1965 368 2031; x_wconf 80' lang='lat' dir='ltr'>errori</span> <span class='ocrx_word' id='word_1_250' title='bbox 401 1966 458 2012; x_wconf 90' lang='lat' dir='ltr'>sit</span> <span class='ocrx_word' id='word_1_251' title='bbox 490 1965 913 2031; x_wconf 84' lang='lat' dir='ltr'>compatiendum,</span> <span class='ocrx_word' id='word_1_252' title='bbox 942 1966 1173 2032; x_wconf 87' lang='lat' dir='ltr'>supponit</span> <span class='ocrx_word' id='word_1_253' title='bbox 1197 1965 1361 2013; x_wconf 90' lang='lat' dir='ltr'>dicens</span> <span class='ocrx_word' id='word_1_254' title='bbox 1392 1984 1401 2012; x_wconf 72' lang='grc' dir='ltr'>ε</span> <span class='ocrx_word' id='word_1_255' title='bbox 1433 1986 1455 2011; x_wconf 89' lang='lat'>«</span> <span class='ocrx_word' id='word_1_256' title='bbox 1483 1967 1831 2014; x_wconf 89' lang='lat' dir='ltr'>Testimonium</span> <span class='ocrx_word' id='word_1_257' title='bbox 1855 1967 1983 2014; x_wconf 91' lang='lat' dir='ltr'>enim</span> <span class='ocrx_word' id='word_1_258' title='bbox 2010 1966 2289 2031; x_wconf 85' lang='lat' dir='ltr'>perhibeo»</span> <span class='ocrx_word' id='word_1_259' title='bbox 2315 1984 2370 2015; x_wconf 82' lang='lat' dir='ltr'>ex</span> 
     </span>
     <span class='ocr_line' id='line_1_23' title="bbox 216 2046 2368 2111; baseline 0.001 -20"><span class='ocrx_word' id='word_1_260' title='bbox 216 2061 294 2092; x_wconf 89' lang='lat' dir='ltr'>me</span> <span class='ocrx_word' id='word_1_261' title='bbox 317 2046 424 2111; x_wconf 90' lang='lat' dir='ltr'>ipso</span> <span class='ocrx_word' id='word_1_262' title='bbox 448 2047 532 2110; x_wconf 90' lang='lat' dir='ltr'>qui</span> <span class='ocrx_word' id='word_1_263' title='bbox 557 2046 674 2106; x_wconf 89' lang='lat' dir='ltr'>olim</span> <span class='ocrx_word' id='word_1_264' title='bbox 699 2047 914 2094; x_wconf 88' lang='lat' dir='ltr'>similiter</span> <span class='ocrx_word' id='word_1_265' title='bbox 940 2046 1190 2094; x_wconf 81' lang='lat' dir='ltr'>faciebam.</span> <span class='ocrx_word' id='word_1_266' title='bbox 1224 2068 1246 2091; x_wconf 87' lang='lat'>«</span> <span class='ocrx_word' id='word_1_267' title='bbox 1268 2046 1528 2095; x_wconf 90' lang='lat' dir='ltr'>AEmulatio</span> <span class='ocrx_word' id='word_1_268' title='bbox 1554 2057 1623 2094; x_wconf 89' lang='lat' dir='ltr'>est</span> <span class='ocrx_word' id='word_1_269' title='bbox 1646 2064 1747 2095; x_wconf 91' lang='lat' dir='ltr'>non</span> <span class='ocrx_word' id='word_1_270' title='bbox 1771 2047 2038 2095; x_wconf 90' lang='lat' dir='ltr'>secundum</span> <span class='ocrx_word' id='word_1_271' title='bbox 2062 2048 2324 2095; x_wconf 86' lang='lat' dir='ltr'>scientiam.</span> <span class='ocrx_word' id='word_1_272' title='bbox 2346 2068 2368 2092; x_wconf 71' lang='grc' dir='ltr'><strong>υ</strong></span> 
     </span>
     <span class='ocr_line' id='line_1_24' title="bbox 216 2126 2367 2191; baseline 0 -17"><span class='ocrx_word' id='word_1_273' title='bbox 216 2126 271 2174; x_wconf 89' lang='lat' dir='ltr'>ld</span> <span class='ocrx_word' id='word_1_274' title='bbox 297 2137 368 2175; x_wconf 90' lang='lat' dir='ltr'>est</span> <span class='ocrx_word' id='word_1_275' title='bbox 401 2127 557 2175; x_wconf 88' lang='lat' dir='ltr'>zelum</span> <span class='ocrx_word' id='word_1_276' title='bbox 588 2127 772 2176; x_wconf 88' lang='lat' dir='ltr'>habent</span> <span class='ocrx_word' id='word_1_277' title='bbox 806 2129 854 2175; x_wconf 91' lang='lat' dir='ltr'>in</span> <span class='ocrx_word' id='word_1_278' title='bbox 887 2131 1044 2176; x_wconf 89' lang='lat' dir='ltr'>Deum</span> <span class='ocrx_word' id='word_1_279' title='bbox 1074 2145 1175 2175; x_wconf 91' lang='lat' dir='ltr'>non</span> <span class='ocrx_word' id='word_1_280' title='bbox 1207 2127 1544 2175; x_wconf 88' lang='lat' dir='ltr'>rationabilem</span> <span class='ocrx_word' id='word_1_281' title='bbox 1577 2145 1667 2175; x_wconf 90' lang='lat' dir='ltr'>nec</span> <span class='ocrx_word' id='word_1_282' title='bbox 1695 2128 1909 2188; x_wconf 89' lang='lat' dir='ltr'>bonum,</span> <span class='ocrx_word' id='word_1_283' title='bbox 1945 2128 2059 2191; x_wconf 92' lang='lat' dir='ltr'>quia</span> <span class='ocrx_word' id='word_1_284' title='bbox 2087 2144 2367 2185; x_wconf 89' lang='lat' dir='ltr'>erroneum,</span> 
     </span>
     <span class='ocr_line' id='line_1_25' title="bbox 215 2207 2370 2273; baseline 0.001 -19"><span class='ocrx_word' id='word_1_285' title='bbox 215 2217 439 2272; x_wconf 87' lang='lat' dir='ltr'>putantes</span> <span class='ocrx_word' id='word_1_286' title='bbox 459 2208 639 2256; x_wconf 84' lang='lat' dir='ltr'>scilicet</span> <span class='ocrx_word' id='word_1_287' title='bbox 661 2208 795 2273; x_wconf 90' lang='lat' dir='ltr'>quod</span> <span class='ocrx_word' id='word_1_288' title='bbox 815 2226 915 2256; x_wconf 90' lang='lat' dir='ltr'>non</span> <span class='ocrx_word' id='word_1_289' title='bbox 943 2218 1028 2264; x_wconf 85' lang='lat' dir='ltr'>est,</span> <span class='ocrx_word' id='word_1_290' title='bbox 1051 2209 1188 2273; x_wconf 87' lang='lat' dir='ltr'>juxta</span> <span class='ocrx_word' id='word_1_291' title='bbox 1208 2208 1327 2255; x_wconf 90' lang='lat' dir='ltr'>illud</span> <span class='ocrx_word' id='word_1_292' title='bbox 1355 2209 1573 2256; x_wconf 89' lang='lat' dir='ltr'>Veritatis</span> <span class='ocrx_word' id='word_1_293' title='bbox 1592 2211 1606 2233; x_wconf 78' lang='lat'>²</span> <span class='ocrx_word' id='word_1_294' title='bbox 1631 2227 1640 2254; x_wconf 91' lang='lat'>:</span> <span class='ocrx_word' id='word_1_295' title='bbox 1674 2229 1696 2254; x_wconf 90' lang='lat'>«</span> <span class='ocrx_word' id='word_1_296' title='bbox 1724 2209 1863 2257; x_wconf 89' lang='lat' dir='ltr'>Venit</span> <span class='ocrx_word' id='word_1_297' title='bbox 1887 2209 2009 2256; x_wconf 91' lang='lat' dir='ltr'>hora</span> <span class='ocrx_word' id='word_1_298' title='bbox 2032 2218 2084 2256; x_wconf 90' lang='lat' dir='ltr'>ut</span> <span class='ocrx_word' id='word_1_299' title='bbox 2109 2209 2270 2256; x_wconf 90' lang='lat' dir='ltr'>omnis</span> <span class='ocrx_word' id='word_1_300' title='bbox 2289 2207 2370 2273; x_wconf 77' lang='lat' dir='ltr'>qu&#39;i</span> 
     </span>
     <span class='ocr_line' id='line_1_26' title="bbox 215 2288 2370 2355; baseline 0.001 -21"><span class='ocrx_word' id='word_1_301' title='bbox 215 2288 450 2335; x_wconf 77' lang='lat' dir='ltr'>Interf&#39;ecit</span> <span class='ocrx_word' id='word_1_302' title='bbox 475 2306 561 2336; x_wconf 92' lang='lat' dir='ltr'>vos</span> <span class='ocrx_word' id='word_1_303' title='bbox 587 2289 844 2336; x_wconf 89' lang='lat' dir='ltr'>arbitretur</span> <span class='ocrx_word' id='word_1_304' title='bbox 867 2288 1156 2354; x_wconf 89' lang='lat' dir='ltr'>obsequium</span> <span class='ocrx_word' id='word_1_305' title='bbox 1191 2306 1240 2337; x_wconf 90' lang='lat' dir='ltr'>se</span> <span class='ocrx_word' id='word_1_306' title='bbox 1275 2299 1499 2355; x_wconf 80' lang='lat' dir='ltr'>praestare</span> <span class='ocrx_word' id='word_1_307' title='bbox 1534 2292 1662 2350; x_wconf 91' lang='lat' dir='ltr'>Deo,</span> <span class='ocrx_word' id='word_1_308' title='bbox 1696 2299 1743 2336; x_wconf 92' lang='lat' dir='ltr'>et</span> <span class='ocrx_word' id='word_1_309' title='bbox 1775 2289 1876 2337; x_wconf 80' lang='lat' dir='ltr'>haec</span> <span class='ocrx_word' id='word_1_310' title='bbox 1912 2289 2107 2350; x_wconf 89' lang='lat' dir='ltr'>facient,</span> <span class='ocrx_word' id='word_1_311' title='bbox 2135 2290 2247 2354; x_wconf 90' lang='lat' dir='ltr'>quia</span> <span class='ocrx_word' id='word_1_312' title='bbox 2272 2307 2370 2336; x_wconf 90' lang='lat' dir='ltr'>non</span> 
     </span>
     <span class='ocr_line' id='line_1_27' title="bbox 217 2370 2368 2436; baseline 0 -20"><span class='ocrx_word' id='word_1_313' title='bbox 217 2378 459 2416; x_wconf 87' lang='lat' dir='ltr'>noverunt</span> <span class='ocrx_word' id='word_1_314' title='bbox 483 2372 690 2431; x_wconf 89' lang='lat' dir='ltr'>Patrem,</span> <span class='ocrx_word' id='word_1_315' title='bbox 711 2387 870 2435; x_wconf 89' lang='lat' dir='ltr'>neque</span> <span class='ocrx_word' id='word_1_316' title='bbox 892 2387 982 2418; x_wconf 90' lang='lat' dir='ltr'>me.</span> <span class='ocrx_word' id='word_1_317' title='bbox 1010 2389 1033 2415; x_wconf 87' lang='lat'>»</span> <span class='ocrx_word' id='word_1_318' title='bbox 1054 2370 1191 2418; x_wconf 89' lang='lat' dir='ltr'>Zelus</span> <span class='ocrx_word' id='word_1_319' title='bbox 1209 2371 1307 2418; x_wconf 91' lang='lat' dir='ltr'>sive</span> <span class='ocrx_word' id='word_1_320' title='bbox 1326 2370 1487 2417; x_wconf 90' lang='lat' dir='ltr'>bonus</span> <span class='ocrx_word' id='word_1_321' title='bbox 1505 2370 1604 2417; x_wconf 91' lang='lat' dir='ltr'>sive</span> <span class='ocrx_word' id='word_1_322' title='bbox 1624 2370 1779 2417; x_wconf 89' lang='lat' dir='ltr'>malus</span> <span class='ocrx_word' id='word_1_323' title='bbox 1800 2370 1975 2417; x_wconf 89' lang='lat' dir='ltr'>dicitur</span> <span class='ocrx_word' id='word_1_324' title='bbox 1997 2370 2156 2418; x_wconf 86' lang='lat' dir='ltr'>fervor</span> <span class='ocrx_word' id='word_1_325' title='bbox 2173 2370 2368 2436; x_wconf 86' lang='lat' dir='ltr'>quilibet</span> 
     </span>
     <span class='ocr_line' id='line_1_28' title="bbox 217 2451 2370 2516; baseline 0 -19"><span class='ocrx_word' id='word_1_326' title='bbox 217 2459 360 2515; x_wconf 83' lang='lat' dir='ltr'>atque</span> <span class='ocrx_word' id='word_1_327' title='bbox 402 2452 668 2499; x_wconf 90' lang='lat' dir='ltr'>commotio</span> <span class='ocrx_word' id='word_1_328' title='bbox 710 2452 898 2499; x_wconf 90' lang='lat' dir='ltr'>accensi</span> <span class='ocrx_word' id='word_1_329' title='bbox 937 2452 1086 2499; x_wconf 90' lang='lat' dir='ltr'>animi</span> <span class='ocrx_word' id='word_1_330' title='bbox 1121 2451 1180 2499; x_wconf 89' lang='lat' dir='ltr'>ad</span> <span class='ocrx_word' id='word_1_331' title='bbox 1221 2451 1404 2515; x_wconf 89' lang='lat' dir='ltr'>aliquid</span> <span class='ocrx_word' id='word_1_332' title='bbox 1441 2451 1724 2516; x_wconf 85' lang='lat' dir='ltr'>gerendum.</span> <span class='ocrx_word' id='word_1_333' title='bbox 1765 2451 2030 2510; x_wconf 88' lang='lat' dir='ltr'>Quomodo</span> <span class='ocrx_word' id='word_1_334' title='bbox 2070 2461 2230 2499; x_wconf 89' lang='lat' dir='ltr'>autem</span> <span class='ocrx_word' id='word_1_335' title='bbox 2274 2468 2370 2499; x_wconf 88' lang='lat' dir='ltr'>non</span> 
     </span>
     <span class='ocr_line' id='line_1_29' title="bbox 217 2530 2373 2597; baseline 0.001 -20"><span class='ocrx_word' id='word_1_336' title='bbox 217 2530 485 2578; x_wconf 91' lang='lat' dir='ltr'>secundum</span> <span class='ocrx_word' id='word_1_337' title='bbox 518 2532 768 2580; x_wconf 88' lang='lat' dir='ltr'>scientiam</span> <span class='ocrx_word' id='word_1_338' title='bbox 798 2532 955 2580; x_wconf 91' lang='lat' dir='ltr'>statim</span> <span class='ocrx_word' id='word_1_339' title='bbox 989 2533 1233 2597; x_wconf 88' lang='lat' dir='ltr'>adjungit,</span> <span class='ocrx_word' id='word_1_340' title='bbox 1260 2532 1425 2580; x_wconf 88' lang='lat' dir='ltr'>dicens</span> <span class='ocrx_word' id='word_1_341' title='bbox 1462 2550 1472 2579; x_wconf 90' lang='lat'>:</span> <span class='ocrx_word' id='word_1_342' title='bbox 1513 2552 1536 2578; x_wconf 91' lang='lat'>«</span> <span class='ocrx_word' id='word_1_343' title='bbox 1572 2535 1852 2597; x_wconf 85' lang='lat' dir='ltr'>Ignorantes</span> <span class='ocrx_word' id='word_1_344' title='bbox 1885 2533 2014 2580; x_wconf 90' lang='lat' dir='ltr'>enim</span> <span class='ocrx_word' id='word_1_345' title='bbox 2048 2553 2070 2576; x_wconf 71' lang='lat'>&gt;2</span> <span class='ocrx_word' id='word_1_346' title='bbox 2109 2550 2213 2597; x_wconf 89' lang='lat' dir='ltr'>quae</span> <span class='ocrx_word' id='word_1_347' title='bbox 2245 2535 2373 2579; x_wconf 89' lang='lat' dir='ltr'>Deus</span> 
     </span>
     <span class='ocr_line' id='line_1_30' title="bbox 217 2611 2369 2678; baseline 0 -20"><span class='ocrx_word' id='word_1_348' title='bbox 217 2611 485 2676; x_wconf 88' lang='lat' dir='ltr'>approbat,</span> <span class='ocrx_word' id='word_1_349' title='bbox 514 2632 538 2657; x_wconf 88' lang='lat'>«</span> <span class='ocrx_word' id='word_1_350' title='bbox 575 2613 805 2677; x_wconf 84' lang='lat' dir='ltr'>justitiam</span> <span class='ocrx_word' id='word_1_351' title='bbox 836 2633 859 2659; x_wconf 86' lang='lat'>»</span> <span class='ocrx_word' id='word_1_352' title='bbox 900 2631 1006 2678; x_wconf 85' lang='lat' dir='ltr'>quae</span> <span class='ocrx_word' id='word_1_353' title='bbox 1040 2624 1111 2662; x_wconf 89' lang='lat' dir='ltr'>est</span> <span class='ocrx_word' id='word_1_354' title='bbox 1137 2613 1373 2676; x_wconf 52' lang='lat' dir='ltr'>videlicetx</span> <span class='ocrx_word' id='word_1_355' title='bbox 1396 2630 1453 2660; x_wconf 89' lang='lat' dir='ltr'>ex</span> <span class='ocrx_word' id='word_1_356' title='bbox 1486 2612 1582 2660; x_wconf 87' lang='lat' dir='ltr'>fide</span> <span class='ocrx_word' id='word_1_357' title='bbox 1614 2613 1817 2672; x_wconf 90' lang='lat' dir='ltr'>Christi,</span> <span class='ocrx_word' id='word_1_358' title='bbox 1856 2633 1878 2658; x_wconf 81' lang='grc' dir='ltr'>α</span> <span class='ocrx_word' id='word_1_359' title='bbox 1909 2623 1954 2660; x_wconf 89' lang='lat' dir='ltr'>et</span> <span class='ocrx_word' id='word_1_360' title='bbox 1984 2629 2147 2668; x_wconf 85' lang='lat' dir='ltr'>suam,</span> <span class='ocrx_word' id='word_1_361' title='bbox 2175 2632 2198 2657; x_wconf 90' lang='lat'>»</span> <span class='ocrx_word' id='word_1_362' title='bbox 2227 2612 2277 2659; x_wconf 89' lang='lat' dir='ltr'>id</span> <span class='ocrx_word' id='word_1_363' title='bbox 2303 2623 2369 2660; x_wconf 89' lang='lat' dir='ltr'>est</span> 
     </span>
     <span class='ocr_line' id='line_1_31' title="bbox 218 2692 2368 2760; baseline 0 -20"><span class='ocrx_word' id='word_1_364' title='bbox 218 2708 363 2756; x_wconf 87' lang='lat' dir='ltr'>quam</span> <span class='ocrx_word' id='word_1_365' title='bbox 387 2694 477 2759; x_wconf 86' lang='lat' dir='ltr'>ipsi</span> <span class='ocrx_word' id='word_1_366' title='bbox 501 2711 591 2759; x_wconf 87' lang='lat' dir='ltr'>pro</span> <span class='ocrx_word' id='word_1_367' title='bbox 615 2695 802 2758; x_wconf 88' lang='lat' dir='ltr'>justitia</span> <span class='ocrx_word' id='word_1_368' title='bbox 826 2704 1052 2760; x_wconf 87' lang='lat' dir='ltr'>reputant</span> <span class='ocrx_word' id='word_1_369' title='bbox 1075 2705 1122 2742; x_wconf 89' lang='lat' dir='ltr'>et</span> <span class='ocrx_word' id='word_1_370' title='bbox 1144 2693 1435 2759; x_wconf 89' lang='lat' dir='ltr'>approbant,</span> <span class='ocrx_word' id='word_1_371' title='bbox 1459 2694 1509 2740; x_wconf 92' lang='lat' dir='ltr'>in</span> <span class='ocrx_word' id='word_1_372' title='bbox 1533 2693 1848 2741; x_wconf 89' lang='lat' dir='ltr'>observantiis</span> <span class='ocrx_word' id='word_1_373' title='bbox 1875 2694 2051 2740; x_wconf 86' lang='lat' dir='ltr'>scilicet</span> <span class='ocrx_word' id='word_1_374' title='bbox 2072 2692 2342 2740; x_wconf 87' lang='lat' dir='ltr'>carnalibus</span> <span class='ocrx_word' id='word_1_375' title='bbox 2357 2731 2368 2751; x_wconf 92' lang='lat'>‚</span> 
     </span>
     <span class='ocr_line' id='line_1_32' title="bbox 222 2772 2372 2837; baseline 0 -19"><span class='ocrx_word' id='word_1_376' title='bbox 222 2792 245 2817; x_wconf 88' lang='lat'><strong><em>«</em></strong></span> <span class='ocrx_word' id='word_1_377' title='bbox 266 2772 484 2821; x_wconf 91' lang='lat' dir='ltr'>volentes</span> <span class='ocrx_word' id='word_1_378' title='bbox 514 2782 743 2835; x_wconf 83' lang='lat' dir='ltr'>statuere,</span> <span class='ocrx_word' id='word_1_379' title='bbox 778 2795 801 2817; x_wconf 85' lang='lat'>»</span> <span class='ocrx_word' id='word_1_380' title='bbox 839 2775 887 2822; x_wconf 91' lang='lat' dir='ltr'>id</span> <span class='ocrx_word' id='word_1_381' title='bbox 910 2785 980 2822; x_wconf 89' lang='lat' dir='ltr'>est</span> <span class='ocrx_word' id='word_1_382' title='bbox 1002 2774 1302 2822; x_wconf 89' lang='lat' dir='ltr'>immobilem</span> <span class='ocrx_word' id='word_1_383' title='bbox 1326 2774 1625 2833; x_wconf 88' lang='lat' dir='ltr'>conservari,</span> <span class='ocrx_word' id='word_1_384' title='bbox 1658 2792 1680 2817; x_wconf 87' lang='lat'>«</span> <span class='ocrx_word' id='word_1_385' title='bbox 1708 2773 1899 2837; x_wconf 81' lang='lat' dir='ltr'>justitiae</span> <span class='ocrx_word' id='word_1_386' title='bbox 1921 2774 2032 2831; x_wconf 90' lang='lat' dir='ltr'>Dei,</span> <span class='ocrx_word' id='word_1_387' title='bbox 2064 2794 2086 2816; x_wconf 71' lang='lat'>&gt;2</span> <span class='ocrx_word' id='word_1_388' title='bbox 2114 2773 2164 2820; x_wconf 92' lang='lat' dir='ltr'>id</span> <span class='ocrx_word' id='word_1_389' title='bbox 2190 2783 2260 2821; x_wconf 91' lang='lat' dir='ltr'>est</span> <span class='ocrx_word' id='word_1_390' title='bbox 2283 2774 2372 2821; x_wconf 90' lang='lat' dir='ltr'>illis</span> 
     </span>
     <span class='ocr_line' id='line_1_33' title="bbox 216 2852 2368 2919; baseline 0 -19"><span class='ocrx_word' id='word_1_391' title='bbox 216 2854 305 2901; x_wconf 91' lang='lat' dir='ltr'>Dei</span> <span class='ocrx_word' id='word_1_392' title='bbox 329 2854 579 2919; x_wconf 79' lang='lat' dir='ltr'>praeceptis</span> <span class='ocrx_word' id='word_1_393' title='bbox 595 2870 700 2917; x_wconf 90' lang='lat' dir='ltr'>quae</span> <span class='ocrx_word' id='word_1_394' title='bbox 724 2853 1008 2902; x_wconf 89' lang='lat' dir='ltr'>obedientes</span> <span class='ocrx_word' id='word_1_395' title='bbox 1025 2854 1303 2918; x_wconf 84' lang='lat' dir='ltr'>justificant,</span> <span class='ocrx_word' id='word_1_396' title='bbox 1323 2873 1345 2897; x_wconf 89' lang='lat'>«</span> <span class='ocrx_word' id='word_1_397' title='bbox 1365 2869 1466 2900; x_wconf 91' lang='lat' dir='ltr'>non</span> <span class='ocrx_word' id='word_1_398' title='bbox 1490 2862 1600 2900; x_wconf 87' lang='lat' dir='ltr'>sunt</span> <span class='ocrx_word' id='word_1_399' title='bbox 1625 2852 1844 2917; x_wconf 90' lang='lat' dir='ltr'>subjecti,</span> <span class='ocrx_word' id='word_1_400' title='bbox 1862 2872 1884 2897; x_wconf 88' lang='lat'>»</span> <span class='ocrx_word' id='word_1_401' title='bbox 1903 2853 1952 2900; x_wconf 93' lang='lat' dir='ltr'>id</span> <span class='ocrx_word' id='word_1_402' title='bbox 1970 2864 2039 2901; x_wconf 89' lang='lat' dir='ltr'>est</span> <span class='ocrx_word' id='word_1_403' title='bbox 2062 2853 2368 2909; x_wconf 82' lang='lat' dir='ltr'>obedientes;</span> 
     </span>
     <span class='ocr_line' id='line_1_34' title="bbox 216 2933 2372 2999; baseline 0 -18"><span class='ocrx_word' id='word_1_404' title='bbox 216 2934 360 2999; x_wconf 88' lang='lat' dir='ltr'>quale</span> <span class='ocrx_word' id='word_1_405' title='bbox 383 2944 454 2981; x_wconf 90' lang='lat' dir='ltr'>est</span> <span class='ocrx_word' id='word_1_406' title='bbox 477 2933 620 2981; x_wconf 80' lang='lat' dir='ltr'>illud³</span> <span class='ocrx_word' id='word_1_407' title='bbox 644 2951 654 2980; x_wconf 74' lang='grc' dir='ltr'><strong><em>ε</em></strong></span> <span class='ocrx_word' id='word_1_408' title='bbox 687 2954 710 2977; x_wconf 78' lang='grc' dir='ltr'>ι(</span> <span class='ocrx_word' id='word_1_409' title='bbox 742 2933 945 2981; x_wconf 88' lang='lat' dir='ltr'>Creditis</span> <span class='ocrx_word' id='word_1_410' title='bbox 977 2936 1026 2981; x_wconf 92' lang='lat' dir='ltr'>in</span> <span class='ocrx_word' id='word_1_411' title='bbox 1066 2933 1255 2981; x_wconf 79' lang='lat' dir='ltr'>Deum?</span> <span class='ocrx_word' id='word_1_412' title='bbox 1297 2942 1345 2980; x_wconf 89' lang='lat' dir='ltr'>et</span> <span class='ocrx_word' id='word_1_413' title='bbox 1377 2933 1426 2980; x_wconf 89' lang='lat' dir='ltr'>in</span> <span class='ocrx_word' id='word_1_414' title='bbox 1460 2950 1539 2981; x_wconf 91' lang='lat' dir='ltr'>me</span> <span class='ocrx_word' id='word_1_415' title='bbox 1561 2933 1756 2980; x_wconf 89' lang='lat' dir='ltr'>credite.</span> <span class='ocrx_word' id='word_1_416' title='bbox 1780 2954 1802 2977; x_wconf 84' lang='lat'>»</span> <span class='ocrx_word' id='word_1_417' title='bbox 1832 2953 1854 2978; x_wconf 89' lang='lat'>«</span> <span class='ocrx_word' id='word_1_418' title='bbox 1881 2934 2009 2982; x_wconf 90' lang='lat' dir='ltr'>Finis</span> <span class='ocrx_word' id='word_1_419' title='bbox 2031 2935 2177 2981; x_wconf 88' lang='lat' dir='ltr'>enim.</span> <span class='ocrx_word' id='word_1_420' title='bbox 2201 2954 2226 2980; x_wconf 85' lang='lat'>»</span> <span class='ocrx_word' id='word_1_421' title='bbox 2252 2936 2372 2982; x_wconf 89' lang='lat' dir='ltr'>Vere</span> 
     </span>
     <span class='ocr_line' id='line_1_35' title="bbox 218 3013 2373 3081; baseline -0 -19"><span class='ocrx_word' id='word_1_422' title='bbox 218 3016 494 3079; x_wconf 86' lang='lat' dir='ltr'>ignorantes</span> <span class='ocrx_word' id='word_1_423' title='bbox 517 3014 606 3062; x_wconf 89' lang='lat' dir='ltr'>Dei</span> <span class='ocrx_word' id='word_1_424' title='bbox 625 3014 875 3078; x_wconf 89' lang='lat' dir='ltr'>justitiam,</span> <span class='ocrx_word' id='word_1_425' title='bbox 898 3015 1011 3079; x_wconf 89' lang='lat' dir='ltr'>quia</span> <span class='ocrx_word' id='word_1_426' title='bbox 1034 3013 1182 3061; x_wconf 88' lang='lat' dir='ltr'>fidem</span> <span class='ocrx_word' id='word_1_427' title='bbox 1204 3013 1377 3062; x_wconf 84' lang='lat' dir='ltr'>Christi</span> <span class='ocrx_word' id='word_1_428' title='bbox 1401 3030 1500 3061; x_wconf 92' lang='lat' dir='ltr'>non</span> <span class='ocrx_word' id='word_1_429' title='bbox 1524 3013 1720 3074; x_wconf 86' lang='lat' dir='ltr'>habent,</span> <span class='ocrx_word' id='word_1_430' title='bbox 1749 3030 1845 3079; x_wconf 84' lang='lat' dir='ltr'>qua</span> <span class='ocrx_word' id='word_1_431' title='bbox 1870 3016 2197 3081; x_wconf 90' lang='lat' dir='ltr'>unusquisque</span> <span class='ocrx_word' id='word_1_432' title='bbox 2220 3014 2373 3063; x_wconf 84' lang='lat' dir='ltr'>fidelis</span> 
     </span>
     <span class='ocr_line' id='line_1_36' title="bbox 213 3094 2367 3161; baseline -0 -18"><span class='ocrx_word' id='word_1_433' title='bbox 213 3095 517 3160; x_wconf 84' lang='lat' dir='ltr'>justificatur.</span> <span class='ocrx_word' id='word_1_434' title='bbox 543 3095 689 3154; x_wconf 92' lang='lat' dir='ltr'>Quod</span> <span class='ocrx_word' id='word_1_435' title='bbox 713 3112 829 3143; x_wconf 89' lang='lat' dir='ltr'>vero</span> <span class='ocrx_word' id='word_1_436' title='bbox 855 3112 911 3142; x_wconf 89' lang='lat' dir='ltr'>ex</span> <span class='ocrx_word' id='word_1_437' title='bbox 935 3094 1031 3143; x_wconf 87' lang='lat' dir='ltr'>fide</span> <span class='ocrx_word' id='word_1_438' title='bbox 1054 3095 1229 3143; x_wconf 90' lang='lat' dir='ltr'>Christi</span> <span class='ocrx_word' id='word_1_439' title='bbox 1251 3095 1454 3160; x_wconf 78' lang='lat' dir='ltr'>quisque</span> <span class='ocrx_word' id='word_1_440' title='bbox 1473 3095 1776 3159; x_wconf 85' lang='lat' dir='ltr'>justificetur,</span> <span class='ocrx_word' id='word_1_441' title='bbox 1795 3105 1841 3142; x_wconf 92' lang='lat' dir='ltr'>et</span> <span class='ocrx_word' id='word_1_442' title='bbox 1866 3113 1965 3143; x_wconf 92' lang='lat' dir='ltr'>non</span> <span class='ocrx_word' id='word_1_443' title='bbox 1990 3113 2046 3143; x_wconf 86' lang='lat' dir='ltr'>ex</span> <span class='ocrx_word' id='word_1_444' title='bbox 2070 3113 2155 3144; x_wconf 89' lang='lat' dir='ltr'>sua</span> <span class='ocrx_word' id='word_1_445' title='bbox 2171 3097 2367 3161; x_wconf 88' lang='lat' dir='ltr'>justitia,</span> 
     </span>
     <span class='ocr_line' id='line_1_37' title="bbox 221 3175 2369 3243; baseline 0 -20"><span class='ocrx_word' id='word_1_446' title='bbox 221 3176 444 3241; x_wconf 86' lang='lat' dir='ltr'>legalium</span> <span class='ocrx_word' id='word_1_447' title='bbox 483 3177 662 3226; x_wconf 90' lang='lat' dir='ltr'>scilicet</span> <span class='ocrx_word' id='word_1_448' title='bbox 700 3194 903 3243; x_wconf 90' lang='lat' dir='ltr'>operum</span> <span class='ocrx_word' id='word_1_449' title='bbox 923 3214 935 3238; x_wconf 92' lang='lat'>,</span> <span class='ocrx_word' id='word_1_450' title='bbox 974 3177 1040 3224; x_wconf 87' lang='lat' dir='ltr'>sic</span> <span class='ocrx_word' id='word_1_451' title='bbox 1073 3175 1218 3239; x_wconf 89' lang='lat' dir='ltr'>dicit,</span> <span class='ocrx_word' id='word_1_452' title='bbox 1244 3177 1356 3242; x_wconf 88' lang='lat' dir='ltr'>quia</span> <span class='ocrx_word' id='word_1_453' title='bbox 1382 3196 1403 3222; x_wconf 91' lang='lat'>«</span> <span class='ocrx_word' id='word_1_454' title='bbox 1433 3178 1565 3224; x_wconf 90' lang='lat' dir='ltr'>omni</span> <span class='ocrx_word' id='word_1_455' title='bbox 1598 3177 1835 3238; x_wconf 87' lang='lat' dir='ltr'>credenti,</span> <span class='ocrx_word' id='word_1_456' title='bbox 1869 3199 1889 3220; x_wconf 66' lang='grc' dir='ltr'>η</span> <span class='ocrx_word' id='word_1_457' title='bbox 1925 3177 1974 3225; x_wconf 89' lang='lat' dir='ltr'>id</span> <span class='ocrx_word' id='word_1_458' title='bbox 2006 3187 2075 3225; x_wconf 90' lang='lat' dir='ltr'>est</span> <span class='ocrx_word' id='word_1_459' title='bbox 2111 3178 2369 3241; x_wconf 88' lang='lat' dir='ltr'>unicuique</span> 
     </span>
    </p>
   </div>
   <div class='ocr_carea' id='block_1_3' title="bbox 266 3361 2204 3462">
    <p class='ocr_par' dir='ltr' id='par_1_4' title="bbox 266 3361 2204 3462">
     <span class='ocr_line' id='line_1_38' title="bbox 266 3361 1765 3408; baseline 0.001 -13"><span class='ocrx_word' id='word_1_460' title='bbox 266 3361 419 3404; x_wconf 83' lang='lat' dir='ltr'>&#39;Matth.‚</span> <span class='ocrx_word' id='word_1_461' title='bbox 438 3373 508 3406; x_wconf 80' lang='lat' dir='ltr'>cap.</span> <span class='ocrx_word' id='word_1_462' title='bbox 530 3374 627 3403; x_wconf 78' lang='lat' dir='ltr'>xxm,</span> <span class='ocrx_word' id='word_1_463' title='bbox 645 3374 674 3398; x_wconf 80' lang='lat' dir='ltr'>v.</span> <span class='ocrx_word' id='word_1_464' title='bbox 697 3367 727 3399; x_wconf 88' lang='grc'>9.</span> <span class='ocrx_word' id='word_1_465' title='bbox 746 3383 782 3390; x_wconf 70' lang='lat'>-</span> <span class='ocrx_word' id='word_1_466' title='bbox 800 3365 810 3384; x_wconf 80' lang='lat'><strong>²</strong></span> <span class='ocrx_word' id='word_1_467' title='bbox 829 3364 966 3408; x_wconf 51' lang='lat' dir='ltr'>lenna„</span> <span class='ocrx_word' id='word_1_468' title='bbox 985 3374 1057 3408; x_wconf 84' lang='lat' dir='ltr'>cap.</span> <span class='ocrx_word' id='word_1_469' title='bbox 1076 3374 1148 3408; x_wconf 80' lang='lat' dir='ltr'>xvi,</span> <span class='ocrx_word' id='word_1_470' title='bbox 1170 3375 1199 3398; x_wconf 88' lang='lat' dir='ltr'>v.</span> <span class='ocrx_word' id='word_1_471' title='bbox 1218 3368 1249 3400; x_wconf 85' lang='lat'>2.</span> <span class='ocrx_word' id='word_1_472' title='bbox 1271 3383 1307 3389; x_wconf 94' lang='lat'><em>—</em></span> <span class='ocrx_word' id='word_1_473' title='bbox 1326 3365 1338 3386; x_wconf 86' lang='lat'><strong>³</strong></span> <span class='ocrx_word' id='word_1_474' title='bbox 1353 3364 1485 3406; x_wconf 65' lang='lat' dir='ltr'>Joann„</span> <span class='ocrx_word' id='word_1_475' title='bbox 1504 3374 1577 3407; x_wconf 80' lang='lat' dir='ltr'>cap.</span> <span class='ocrx_word' id='word_1_476' title='bbox 1598 3374 1662 3407; x_wconf 79' lang='lat' dir='ltr'>xiv,</span> <span class='ocrx_word' id='word_1_477' title='bbox 1687 3374 1716 3399; x_wconf 80' lang='lat' dir='ltr'>v.</span> <span class='ocrx_word' id='word_1_478' title='bbox 1738 3368 1765 3399; x_wconf 89' lang='lat'>1.</span> 
     </span>
     <span class='ocr_line' id='line_1_39' title="bbox 378 3424 2204 3462; baseline -0.001 0"><span class='ocrx_word' id='word_1_479' title='bbox 378 3438 410 3462; x_wconf 86' lang='lat'>11</span> <span class='ocrx_word' id='word_1_480' title='bbox 2156 3424 2204 3462; x_wconf 88' lang='lat'>38</span> 
     </span>
    </p>
   </div>
  </div>
 </body>
</html>
