2638 3866
1139 201 1450 251 DIALOGUS.
2271 207 2365 254 709

229 302 697 371 egreditrepidavit.
738 305 798 350 Et
841 301 969 349 hanc
1006 311 1168 351 tamen
1202 304 1404 351 omnino
1440 303 1711 368 passionem
1745 303 1956 364 auferre,
1996 302 2364 369 quibuscunque

231 385 468 446 voluerit,
499 383 672 432 divinae
699 390 888 430 constat
908 397 1009 429 esse
1029 383 1256 447 potentiae
1271 419 1284 444 ,
1313 383 1437 431 sicut
1466 392 1514 430 et
1539 382 1791 449 praedictus
1821 383 1988 432 asserit
2009 383 2181 432 doctor
2202 384 2366 433 dicens

233 485 256 511 «
275 465 547 513 Johannem
564 461 840 529 apostolum
859 470 958 510 tam
980 477 1009 510 a
1027 461 1197 510 dolore
1223 463 1408 532 mortis,
1430 479 1576 527 quam
1598 479 1626 511 a
1642 464 1954 529 corruptione
1976 464 2133 512 carnis
2153 465 2365 513 alienum

230 545 388 611 fuisse.
403 563 424 590 1·
453 544 548 603 Qui
568 559 683 608 ergo
705 542 755 590 in
780 550 935 589 morte
957 542 1231 607 passionem
1254 542 1422 590 mortis
1444 543 1512 590 sic
1534 543 1736 591 omnino
1757 542 1942 591 auferre
1965 553 2138 609 potest,
2167 544 2360 610 ubique,

229 625 499 689 cuicunque
522 622 652 684 velit,
683 621 734 670 id
766 621 925 686 ipsum
958 637 1100 686 posse
1124 621 1328 669 videtur.
1363 622 1568 670 Pronior
1599 622 1781 688 quippe
1811 632 1883 670 est
1910 633 2082 672 natura
2110 624 2361 689 passibilis,

231 715 282 752 ut
304 720 499 770 poenam
522 704 753 762 incurrat,
779 717 924 766 quam
948 710 1123 749 careat.
1150 703 1219 748 Ex
1242 700 1419 766 quibus
1441 702 1668 751 omnibus
1685 702 1868 768 liquere
1882 704 1983 768 jam
2004 703 2225 763 arbitror,
2247 706 2364 754 nihil

229 783 292 831 ad
310 799 501 849 poenam
526 781 866 831 damnatorum
893 780 988 829 loci
1012 780 1290 845 qualitatem
1312 781 1504 845 referre,
1533 784 1656 830 sicut
1677 799 1767 830 nec
1789 782 1852 831 ad
1874 783 2073 847 gloriam
2093 783 2362 846 beatorum,

229 863 315 911 sed
356 863 452 911 hoc
485 863 544 911 sit
584 863 636 910 in
675 862 866 911 inferno
909 861 1112 910 cruciari
1152 860 1228 908 vel
1274 872 1508 927 perpetuo
1538 863 1637 926 igni
1678 862 1829 923 tradi,
1869 862 2003 927 quod
2042 863 2132 911 illis
2168 868 2367 914 summis

229 944 384 1009 poenis
405 942 637 1008 torqueri,
662 959 768 1007 quae
790 943 840 990 in
868 942 1113 1007 Scriptura
1128 943 1140 966 ¹
1164 941 1403 1008 praecipue
1425 943 1523 1006 igni
1551 952 1910 1008 comparantur,
1935 942 2068 1007 quod
2094 943 2237 1008 hujus
2266 947 2366 993 ele—

229 1024 378 1072 menti
411 1023 650 1072 cruciatus
679 1022 837 1070 acrior
865 1020 1072 1070 videtur.
1109 1020 1162 1069 Id
1189 1038 1385 1087 quoque
1418 1021 1680 1087 plurimum
1713 1021 1886 1070 divinae
1914 1023 2140 1088 potentiae
2167 1023 2366 1088 gloriam

229 1103 572 1152 commendare
594 1102 801 1164 videtur,
827 1102 868 1150 si
890 1102 938 1149 in
963 1099 1188 1149 omnibus
1211 1118 1346 1167 aeque
1371 1101 1489 1150 locis
1513 1112 1561 1150 et
1582 1101 1906 1151 damnationis
1931 1119 2123 1168 poenam
2147 1113 2195 1151 et
2214 1103 2369 1152 beati-

230 1184 409 1232 tudinis
431 1182 634 1249 gloriam
658 1183 759 1249 ipse
789 1182 1033 1248 largiatur,
1071 1182 1155 1248 qui
1179 1181 1359 1247 ubique
1382 1199 1469 1248 per
1501 1183 1768 1248 potentiam
1791 1182 1955 1232 deesse
1977 1200 2077 1231 non
2100 1183 2363 1233 dubitatur.

297 1268 485 1314 Pmms.
513 1268 692 1330 AEque,
719 1273 772 1311 ut
793 1263 954 1324 video,
980 1280 1175 1329 poenam
1206 1262 1549 1312 damnatorum
1572 1264 1694 1311 sicut
1716 1274 1763 1312 et
1786 1263 1986 1328 gloriam
2015 1264 2277 1313 electorum
2307 1268 2368 1314 ad

229 1345 404 1394 divinae
425 1345 653 1412 potentiae
673 1343 878 1394 laudem.
898 1353 1180 1394 convertere
1210 1343 1393 1405 studes,
1419 1353 1473 1391 ut
1494 1343 1543 1391 in
1569 1343 1769 1392 summis
1791 1344 1934 1394 etiam
1956 1343 2091 1393 malis
2113 1344 2215 1408 ejus
2237 1345 2367 1394 bona

229 1426 479 1492 praedices.

294 1509 619 1556 Cnmsrlmns.
648 1510 705 1555 Et
725 1508 793 1555 sic
815 1516 941 1556 certe
965 1507 1211 1570 convenit,
1236 1507 1355 1572 'quia
1382 1506 1516 1555 nulla
1544 1507 1647 1572 ejus
1670 1515 1782 1554 sunt
1807 1522 1971 1572 opera,
1996 1507 2087 1554 nisi
2119 1506 2369 1572 magnifica

229 1597 275 1634 et
309 1587 627 1636 admiratione
660 1587 818 1653 plena.
854 1587 1163 1653 Superfluum
1193 1597 1355 1635 autem
1390 1603 1580 1645 censeo,
1619 1585 1793 1651 quibus
1818 1587 1867 1634 in
1898 1586 2017 1634 locis
2049 1585 2150 1633 haec
2181 1588 2370 1633 contin-

230 1677 343 1730 gant
371 1667 596 1730 definire,
631 1666 901 1715 dummodo
932 1667 1034 1715 haec
1062 1666 1263 1732 adipisci
1296 1667 1535 1732 possimus
1566 1676 1648 1714 aut
1678 1666 1845 1714 vitare.

301 1751 489 1796 Pmnos.
517 1751 575 1796 Et
603 1747 730 1795 hinc*
747 1747 975 1812 equidem
996 1746 1155 1795 adhuc
1174 1763 1333 1795 sermo
1354 1756 1442 1806 est,
1468 1756 1524 1793 ut
1547 1756 1646 1794 tam
1664 1762 1855 1794 summo
1876 1745 2011 1793 bono
2034 1754 2199 1793 nostro
2226 1763 2371 1810 quam

230 1845 421 1876 summo
451 1828 598 1890 malo,
624 1838 676 1876 ut
704 1827 791 1876 tibi
815 1828 971 1875 visum
996 1836 1094 1888 est,
1121 1826 1397 1892 descriptis,
1429 1826 1565 1890 juxta
1594 1826 1896 1892 propositum
1921 1835 2167 1887 nostrum,
2198 1826 2371 1890 quibus

229 1907 292 1956 ad
323 1924 379 1956 ea
414 1908 684 1974 pertingere
715 1907 822 1969 viis,
860 1923 960 1954 11011
994 1906 1155 1953 minus
1190 1906 1442 1970 diligenter
1473 1906 1682 1970 aperias,
1718 1914 1772 1952 ut
1804 1921 1863 1953 eo
1896 1904 2065 1953 melius
2090 1905 2177 1954 has
2209 1916 2371 1954 tenere

229 1988 302 2036 vel
325 1988 428 2036 illas
447 1988 596 2036 vitare
625 1988 883 2053 possimuS,
911 2003 1012 2052 quo
1035 1986 1240 2051 amplius
1264 1986 1561 2034 noverimus.
1589 1984 1684 2032 Sed
1708 1994 1755 2032 et
1779 1984 1896 2049 quid
1918 2002 2162 2034 summum
2183 1986 2366 2033 bonum

228 2069 289 2116 sit
311 2068 387 2115 vel
411 2084 656 2116 summum
688 2067 897 2127 malum,
933 2065 1070 2131 quod
1098 2065 1285 2112 bonum
1309 2065 1384 2112 vel
1407 2065 1589 2112 malum
1612 2064 1892 2128 generaliter
1920 2065 1980 2112 sit
2009 2064 2294 2125 dicendum,
2321 2066 2370 2111 id

229 2165 423 2213 quoque
453 2148 490 2194 si
516 2146 646 2195 vales
668 2145 895 2207 definire,
922 2144 1163 2192 desidero.
1196 2144 1367 2191 Multas
1394 2145 1575 2209 quippe
1604 2143 1776 2192 harum
1798 2144 1978 2209 species
2006 2145 2367 2207 cognoscimus3

231 2229 316 2276 sed
354 2238 516 2276 tamen
552 2228 600 2275 in
639 2243 739 2290 quo
778 2226 922 2273 bonae
951 2224 1027 2272 vel
1055 2223 1191 2272 malae
1222 2240 1297 2271 res
1328 2223 1543 2272 dicendae
1573 2224 1692 2283 sint,
1727 2240 1826 2271 non
1856 2224 1968 2271 satis
2002 2224 2262 2288 intelligere
2297 2226 2371 2272 vel

231 2309 462 2357 disserere
491 2307 771 2356 sufficimus.
799 2306 958 2354 Nostri
986 2305 1165 2370 quippe
1189 2313 1432 2364 auctores,
1462 2304 1546 2368 qui
1582 2302 1750 2351 dicunt
1779 2303 1872 2351 alia
1900 2302 2058 2364 hona,
2096 2304 2188 2352 alia
2222 2306 2365 2365 mala,

229 2389 320 2437 alia
357 2388 700 2449 indifferentia,
738 2386 1010 2434 nullatenus
1040 2385 1144 2432 haec
1179 2383 1543 2432 definitionibus
1575 2382 1919 2443 distinxerunt,
1958 2383 2043 2432 sed
2079 2384 2369 2449 quibusdam

233 2468 460 2535 exemplis
480 2467 543 2516 ad
566 2483 737 2515 eorum
758 2465 1224 2514 demonstrationem
1245 2465 1461 2512 contenti
1483 2473 1613 2511 sunt.

298 2552 626 2597 emm-mnus.
653 2550 899 2606 Quantum
924 2546 1127 2606 aestimo,
1155 2544 1347 2593 difficile
1383 2543 1584 2593 definire
1614 2559 1671 2592 ea
1702 2553 2009 2604 censuerunt,
2045 2560 2253 2608 quorum
2283 2561 2371 2590 no·

234 2628 363 2675 mina
383 2628 461 2675 vix
483 2643 698 2692 unquam
726 2626 774 2673 in
799 2641 899 2673 una
919 2623 1265 2689 significatione
1288 2624 1548 2671 consistere
1570 2622 1811 2670 videntur.
1839 2623 2031 2687 Quippe
2061 2639 2172 2669 cum
2195 2622 2370 2669 dicitur

234 2707 395 2755 bonus
430 2707 584 2753 homo
618 2706 693 2754 vel
725 2705 883 2752 bonus
921 2704 1053 2752 faber
1087 2713 1169 2750 aut
1202 2701 1361 2750 bonus
1394 2719 1547 2767 equus
1580 2711 1627 2749 et
1660 2702 1860 2762 similia,
1894 2702 2001 2766 quis
2034 2702 2237 2763 nesciat,
2277 2702 2371 2748 hoc

237 2802 418 2834 nomen
456 2785 696 2833 «bonus»
732 2802 790 2832 ex
830 2784 1069 2848 adjunctis
1101 2782 1343 2831 diversum
1388 2791 1608 2829 mutuare
1647 2797 1868 2841 sensum;
1908 2780 2156 2829 hominem
2194 2782 2374 2846 quippe

155 2888 160 2894 ·
234 2867 422 2914 bonum
446 2882 503 2913 ex
525 2864 761 2925 moribus,
790 2863 980 2911 fabrum
1002 2879 1060 2910 ex
1082 2862 1310 2920 scientia‚·
1325 2877 1504 2925 equum
1525 2877 1581 2909 ex
1606 2860 1785 2908 viribus
1808 2869 1855 2908 et
1875 2861 2142 2923 velocitate,
2169 2861 2244 2908 vel
2267 2878 2373 2926 quae

234 2946 298 2995 ad
320 2962 463 2994 usum
486 2950 588 3011 ejus
613 2944 884 3010 pertinent?
914 2942 1045 2990 Adeo
1077 2950 1238 2989 autem
1265 2958 1320 2989 ex
1350 2941 1587 3006 adjunctis
1615 2939 1733 2988 boni
1760 2939 2043 3004 significatio
2066 2941 2294 2999 variatur,
2323 2951 2372 2988 ut

235 3027 380 3074 etiam
403 3042 514 3074 cum
546 3023 826 3072 nominibus
849 3023 1078 3070 vitiorum
1110 3022 1269 3087 ipsum
1293 3021 1495 3086 jungere
1524 3037 1625 3068 non
1656 3035 1924 3080 vereamur,
1956 3019 2168 3069 dicentes
2196 3020 2374 3069 scilicet

237 3107 420 3155 bonum
450 3104 526 3154 vel
557 3103 796 3171 optimum
819 3102 998 3165 furem,
1025 3118 1110 3164 eo,
1141 3100 1275 3167 quod
1303 3102 1352 3150 in
1379 3100 1470 3150 hac
1492 3100 1670 3150 malitia
1694 3099 1966 3166 peragenda
1993 3101 2053 3149 sit
2079 3100 2278 3150 callidus
2298 3099 2372 3148 vel

281 3292 287 3310 ¹
300 3290 481 3332 Scriptura
496 3291 531 3323 in
545 3289 619 3323 cod.
635 3289 747 3323 omiss.
765 3288 908 3322 restituit
924 3285 1131 3322 Rheinwatd.
