2638 3866
981 187 1282 236 THEOLOGl
1292 189 1326 237 A
1361 189 1729 239 CHRlSTIANA.
2338 195 2434 242 405

286 290 544 341 haer'esibus
578 289 747 338 irretiti
775 288 1098 354 expositiones
1121 299 1264 354 atque
1293 289 1553 340 sententias
1579 301 1677 340 tam
1706 292 1919 342 studiose
1949 293 2012 342 ad
2043 304 2257 343 nostram
2282 306 2435 344 trans-

286 374 500 422 tulerunt
535 382 682 438 atque
718 369 1013 419 induxerunt
1048 370 1447 434 aedificationem,
1489 390 1601 421 cum
1642 390 1699 422 ex
1746 374 2023 424 infidelitate
2064 375 2437 426 damnabiliores

285 454 538 515 omnibus,
579 463 631 501 ut
665 452 847 500 dictum
880 460 967 511 est,
1001 461 1190 500 constet
1216 470 1318 501 esse
1349 453 1614 503 haereticos.
1659 456 1804 520 Cujus
1839 456 2036 521 quidem
2069 457 2347 507 innumeras
2381 475 2437 507 ac

285 552 431 603 supra
459 524 662 583 modum
700 531 1050 581 abominandas
1084 532 1286 582 haereses
1322 534 1511 583 silentio
1547 535 1768 601 deperire
1787 553 1884 585 non
1909 538 2261 599 sustinuerunt,
2301 541 2437 605 quasi

280 627 332 665 et
366 617 415 665 in
449 616 525 664 his
557 612 872 664 retractandis
907 614 1118 679 aliquam
1154 614 1473 681 praeviderent
1503 617 1752 665 utilitatem
1779 636 1790 665 ε
1818 634 1874 665 ac
1902 619 1940 666 si
1977 619 2039 667 ab
2076 621 2143 668 eis
2179 620 2437 684 adsignatis

285 707 429 764 atque
458 696 697 746 damnatis
726 696 871 745 ceteri
902 695 1084 743 facilius
1118 695 1210 743 sibi
1242 695 1572 762 providerent,
1611 707 1695 747 aut
1720 698 1896 764 quibus
1930 716 2010 747 eas
2042 701 2310 749 rationibus
2342 702 2437 749 dis-

285 779 555 840 solverent,
593 778 632 826 si
665 779 772 844 quis
805 779 854 827 in
893 778 961 826 eis
997 776 1353 843 illaquearetur,
1393 777 1714 828 addiscerent.
1759 780 1898 828 Unde
1936 790 1983 828 et
2022 784 2073 829 Β.
2116 782 2437 847 Hieronymus

284 859 537 927 epistolam
586 859 648 908 ad
694 860 886 908 Avitum
926 857 1262 925 presbyterum
1310 858 1511 921 direxit,
1556 860 1638 908 ubi
1677 860 1899 910 haeretica
1938 861 2019 911 illa
2064 879 2170 928 quae
2210 864 2256 911 in
2305 863 2437 912 libris

285 941 575 990 Periarchon
595 942 607 966 ¹
630 941 863 1006 Origenes
898 940 1152 988 innumera
1189 950 1435 1006 posuerat,
1475 957 1530 988 ex
1571 951 1706 1007 parte
1739 941 2027 991 manifestat.
2051 944 2171 1001 Quis
2193 945 2337 992 etiam
2363 962 2437 992 me

283 1039 374 1089 pro
399 1023 684 1071 testimoniis
710 1021 1117 1089 philosophorum
1143 1021 1352 1069 inductis
1377 1032 1505 1070 recte
1537 1033 1731 1089 arguat,
1760 1024 1853 1071 nisi
1876 1033 1923 1072 et
1944 1025 1994 1072 in
2027 1025 2221 1091 culpam
2245 1043 2436 1074 mecum

284 1114 477 1153 sanctos
509 1104 734 1153 doctores
767 1105 814 1152 in
837 1103 934 1152 hoc
959 1103 1064 1169 ipso
1086 1101 1421 1162 trahatP-Quae
1443 1104 1573 1151 enim
1599 1105 1822 1170 superius
1854 1122 1911 1153 ex
1942 1105 2246 1172 philosophis
2268 1107 2437 1171 collegi

285 1187 560 1235 testimonia
591 1203 690 1234 non
726 1203 787 1235 ex
815 1202 985 1234 eorum
1014 1184 1205 1250 scriptis
1230 1201 1337 1250 quae
1358 1202 1628 1251 numquam
1659 1185 1858 1234 fortasse
1890 1186 2007 1249 vidi,
2034 1187 2185 1235 immo
2214 1205 2270 1236 ex
2303 1187 2437 1236 libris

285 1269 336 1314 Β.
372 1267 623 1333 Augustini
657 1267 845 1331 collegi.
882 1265 1129 1331 Numquid
1166 1276 1214 1313 et
1249 1267 1535 1332 Apostolum
1569 1284 1768 1332 arguere
1802 1278 2122 1333 praesument,
2163 1269 2270 1334 qui,
2298 1278 2350 1316 ut
2372 1271 2435 1318 ait

284 1348 386 1414 ipse
415 1349 707 1413 Augustinus
729 1349 779 1396 in
805 1351 912 1396 Vlll
935 1351 1010 1395 De
1041 1347 1241 1394 Ciuitate
1268 1348 1374 1409 Dei,
1401 1347 1771 1397 Atheniensibus
1797 1349 2021 1414 loquens,
2056 1366 2169 1397 cum
2192 1365 2294 1397 rem
2327 1367 2436 1399 ma·-

283 1445 428 1493 gnam
459 1429 520 1477 de
546 1432 651 1478 Deo
677 1429 897 1491 dixisset,
924 1439 972 1477 et
995 1445 1101 1493 quae
1132 1444 1157 1475 a
1184 1428 1348 1493 paucis
1370 1429 1522 1494 possit
1550 1430 1766 1495 intelligi,
1793 1429 1927 1495 quod
1954 1450 1978 1475 «
2009 1430 2057 1476 in
2084 1430 2167 1478 illo
2200 1431 2432 1491 vivimus,

283 1526 557 1572 movemur,
596 1520 644 1558 et
678 1527 871 1572 sumus,
897 1531 919 1555 »
964 1509 1139 1575 adjecit
1182 1529 1204 1553 α
1227 1509 1350 1557 sicut
1380 1520 1428 1558 et
1468 1510 1611 1558 vestri
1646 1510 1846 1576 quidam
1880 1510 2134 1570 dixerunt,
2157 1532 2180 1555 »
2219 1512 2437 1578 ipsorum

283 1591 503 1640 videlicet
536 1591 974 1658 philosophorum,
1017 1608 1228 1657 quorum
1262 1591 1431 1639 studiis
1469 1591 1676 1656 gloriosa
1714 1591 1793 1639 illa
1829 1592 1993 1640 civitas
2032 1592 2267 1651 extiterat,
2305 1594 2437 1640 testi-

284 1673 506 1720 monium
537 1673 599 1721 ad
631 1674 992 1740 persuasionem
1027 1672 1279 1734 inducens,
1315 1671 1376 1719 de
1411 1672 1606 1737 quibus,
1642 1682 1695 1720 ut
1728 1673 1776 1720 in
1807 1672 1982 1720 eodem
2011 1673 2113 1738 ipse
2150 1674 2439 1737 Augustinus

282 1754 528 1818 praemisit,
562 1753 625 1803 ad
659 1757 903 1802 Romanos
942 1752 1158 1801 scribens
1190 1753 1256 1800 ait
1291 1752 1438 1817 quia*
1465 1773 1487 1796 α
1512 1752 1647 1817 quod
1679 1763 1853 1801 notum
1886 1764 1956 1801 est
1987 1754 2094 1813 Dei,
2133 1753 2437 1802 manifestum

281 1843 354 1882 est
386 1834 497 1883 illis.
531 1838 662 1884 Deus
693 1835 824 1883 enim
846 1834 937 1883 illis
966 1834 1301 1882 manifestavit.
1332 1832 1594 1882 Invisibilia
1626 1834 1754 1882 enim
1789 1834 1940 1901 ipsius
1962 1851 1991 1883 a
2023 1844 2242 1882 creatura
2268 1834 2438 1882 mundi

278 1932 368 1981 per
392 1932 449 1964 ea
480 1933 586 1982 quae
617 1916 737 1965 facta
763 1926 876 1964 sunt
906 1915 1147 1964 intellecta
1179 1915 1563 1982 conspiciuntur,
1603 1915 1897 1982 sempiterna
1929 1932 2127 1982 quoque
2157 1916 2258 1981 ejus
2290 1917 2439 1964 virtus

281 2012 337 2044 ac
376 1997 619 2060 divinitas,
661 2008 752 2046 etc.
779 2018 801 2043 »
840 2000 911 2044 Ex
949 1996 1124 2063 quibus
1155 2006 1320 2063 aperte
1354 1996 1612 2063 Apostolus
1648 1996 1792 2044 docet
1824 1997 1892 2044 eis
1928 2013 2126 2061 quoque
2160 1999 2439 2062 mysterium

280 2078 519 2127 Trinitatis
556 2079 698 2127 fuisse
730 2079 1012 2128 revelatum.
1052 2078 1148 2126 Sed
1180 2077 1284 2126 haec
1319 2077 1516 2142 quidem
1548 2077 1698 2125 verba
1722 2077 1941 2144 Apostoli
1975 2077 2117 2125 nobis
2151 2077 2199 2124 in
2233 2094 2440 2142 sequen-

281 2159 409 2208 tibus
451 2160 743 2226 exponenda
791 2169 1066 2208 occurrent.
1107 2163 1246 2207 Nunc
1297 2167 1459 2206 autem
1501 2158 1731 2206 adversus
1783 2168 1880 2206 tam
1918 2157 2253 2206 haereticorum
2291 2174 2436 2223 quam

280 2239 689 2306 philosophorum
728 2240 1024 2306 objectiones
1062 2239 1285 2306 pluribus
1326 2239 1388 2287 de
1423 2238 1519 2286 fide
1556 2249 1732 2287 sanctae
1769 2239 2012 2287 Trinitatis
2046 2238 2258 2287 collectis
2295 2248 2439 2304 atque

281 2322 509 2387 expositis
551 2323 865 2384 testimoniis,
912 2331 1129 2388 superest
1158 2321 1344 2387 aperire
1372 2319 1552 2386 quibus
1585 2319 1852 2368 rationibus
1888 2319 2083 2368 defendi
2120 2320 2273 2385 possit
2304 2319 2438 2384 quod

283 2402 566 2450 testimoniis
592 2402 938 2451 confirmatum
960 2412 1048 2450 est.
1085 2402 1258 2450 Omnis
1288 2401 1470 2467 quippe
1506 2401 1852 2463 controversia,
1889 2410 1943 2449 ut
1971 2400 2020 2448 in
2058 2400 2320 2448 Rhetoricis
2342 2400 2440 2447 suis

279 2483 459 2532 Tullius
496 2485 739 2544 meminit,
781 2494 865 2532 aut
899 2485 946 2531 in
985 2483 1164 2549 scripto
1202 2493 1284 2532 aut
1325 2483 1374 2530 in
1409 2483 1597 2531 ratione
1640 2491 1878 2539 versatur,
1923 2491 1972 2530 et
2004 2481 2149 2529 beato
2190 2490 2439 2529 attestante

280 2565 577 2630 Augustino,
625 2566 674 2613 in
718 2565 948 2613 omnibus
992 2566 1330 2614 auctoritatem
1382 2564 1610 2612 humanae
1658 2563 1893 2629 anteponi
1951 2563 2126 2610 rationi
2176 2562 2435 2620 convenit,

281 2646 489 2694 maxime
514 2655 677 2695 autem
700 2647 749 2694 in
773 2646 848 2694 his
868 2663 974 2712 quae
999 2645 1061 2693 ad
1085 2648 1243 2693 Deum
1272 2645 1516 2711 pertinent
1542 2644 1690 2691 tutius
1717 2644 2017 2704 auctoritate,
2054 2658 2201 2707 quam
2221 2642 2437 2689 humano

281 2727 480 2775 nitimur
505 2727 718 2791 ingenio.
749 2728 872 2775 Hinc
895 2738 966 2775 est
986 2727 1122 2788 illud,
1148 2725 1283 2791 quod
1307 2726 1371 2772 ait
1395 2724 1550 2790 capite
1574 2725 1735 2790 primo
1761 2723 1872 2771 libri
1894 2722 1953 2770 de
1977 2722 2191 2770 Moribus
2214 2722 2438 2770 Ecclesiae

281 2819 449 2856 contra
470 2809 808 2856 Manz'cltoeos⁸:
837 2812 1026 2856 Naturae
1049 2807 1248 2872 quidem
1271 2805 1570 2853 adscribunt.

346 2888 612 2948 Quomodo
647 2905 744 2937 una
779 2889 970 2954 penitus
1002 2896 1314 2954 permanente
1348 2885 1630 2948 substantia,
1658 2895 1751 2934 tres
1786 2886 1835 2933 in
1872 2902 1928 2934 ea
1959 2901 2176 2951 personae
2210 2882 2438 2950 distingui

281 2980 476 3036 queant,
510 2986 716 3035 quarum
742 2969 1016 3018 nullatenus
1039 2985 1135 3016 una
1163 2967 1224 3016 sit
1246 2967 1367 3016 alia?
1389 2967 1577 3016 Deinde
1600 2967 1853 3033 quomodo
1884 2967 1988 3015 haec
2017 2982 2226 3034 persona
2258 2966 2434 3032 genita,

281 3051 361 3100 illa
383 3049 655 3117 procedens
677 3048 902 3097 dicatur?

301 3218 305 3222 “
325 3211 333 3231 ¹
350 3208 559 3252 Περὶάρχῶν.
577 3226 617 3233 -
631 3208 849 3249 ²Rom.‚cap.
869 3217 892 3247 1,
906 3217 936 3239 v.
954 3208 1052 3242 19.-
1066 3208 1078 3228 ³
1093 3206 1128 3240 S.
1149 3207 1323 3248 Augustini
1396 3204 1568 3240 Ecclesiae.
1585 3213 1657 3246 cap.
1673 3213 1696 3238 n
1713 3217 1723 3244 ς
1753 3214 1827 3238 eum
1849 3210 1959 3237 autem
1986 3205 2084 3237 verba
2115 3204 2289 3244 Augustini
2320 3214 2434 3246 parum

284 3268 409 3295 textum
428 3264 479 3303 liic
497 3272 564 3296 non
588 3263 756 3304 profertur
772 3263 805 3295 in
823 3263 937 3295 codice
953 3271 1051 3303 quem
1064 3260 1160 3295 Edm.
1179 3260 1326 3295 Martene
1398 3262 1584 3295 cohaereant
1598 3270 1673 3294 cum
1688 3261 1917 3302 sequentibus,
1932 3260 2142 3292 doctissimus
2158 3260 2267 3292 editor
2282 3262 2429 3301 suspica-

283 3317 400 3350 habuit
432 3318 466 3350 in
489 3318 654 3352 manibus.
689 3317 810 3351 Locum
834 3318 980 3351 invenias
995 3317 1028 3349 iu
1042 3316 1099 3350 lib.
1119 3315 1159 3349 de
1176 3315 1328 3350 Moribus
1402 3322 1456 3349 tur
1471 3325 1510 3350 ea
1523 3316 1668 3349 secundo
1685 3315 1759 3348 ioco
1775 3315 1828 3348 hic
1843 3314 2054 3355 superaddita
2070 3314 2181 3347 ruisse.
