2638 3866
798 238 855 286 ΙΝ
890 236 1220 286 EPISTOLAM
1256 238 1337 286 AD
1372 238 1674 287 ROMANOS.
2209 244 2305 292 295

165 345 432 395 reverentia
444 341 720 393 servientes.
747 358 769 387 t(
787 339 875 387 Dei
888 339 982 386 vivi
1003 357 1027 383 »
1050 338 1166 386 dicit
1182 338 1243 386 ad
1261 339 1577 388 differentiam
1589 343 1823 403 Deorum,
1844 359 1967 407 quos
1977 342 2156 392 scilicet
2168 355 2309 395 antea

163 425 401 492 gentilitas
432 425 566 474 vario
594 421 761 477 delusa
777 437 962 480 errore,
986 420 1142 469 velex
1166 421 1416 470 insensatis
1430 420 1594 482 rebus,
1625 421 1700 470 vel
1722 438 1779 470 ex
1804 424 2006 473 mortuis
2029 425 2308 475 hominibus

163 503 492 553 constituerat.

232 584 416 638 «Isaias
435 594 614 634 autem.
637 602 660 627 »
683 578 1018 646 Supradictam
1039 580 1348 629 vocationem
1375 581 1601 630 Gentium
1625 583 1748 630 Osee
1778 583 2026 649 prophetae
2048 585 2305 649 significat¹

162 665 307 718 isaias
327 674 492 731 aperte
511 664 575 716 de
598 663 759 714 sutura
781 661 1100 714 conversione
1123 661 1416 711 Judaeorum.
1444 684 1466 707 α
1485 664 1534 711 Si
1556 663 1711 711 fuerit.
1734 682 1758 710 η
1781 666 2010 722 Quamvis
2033 666 2308 715 innumera·

163 744 282 799 biles
307 745 484 797 fuerint
512 743 662 798 Judaei
699 743 748 791 in
788 759 875 796 sua
902 742 1163 802 sterilitate,
1202 742 1249 790 id
1287 753 1375 803 est,
1415 743 1694 792 infidelitate
1725 756 2097 810 perseverantes.
2138 768 2159 789 «
2178 748 2308 795 Sicut

163 841 308 878 arena
332 826 518 877 maris»
539 841 646 891 quae
666 822 1032 872 innumerabilis
1069 833 1138 872 est
1166 833 1214 871 et
1248 824 1433 872 sterilis.
1478 844 1501 870 «
1532 829 1709 874 Tamen
1744 825 1915 891 reliqui
1950 843 2120 874 eorum
2156 827 2309 877 salva·

161 906 360 959 buntur.
382 928 405 951 »
425 909 561 966 Quos
584 905 808 956 videlicet
827 904 920 955 sibi
942 905 1183 953 Dominus
1211 905 1421 971 reliquit,
1444 907 1564 954 alios
1588 924 1614 955 a
1632 907 1782 972 gratia
1803 924 1889 960 sua
1912 907 2148 974 repellens
2166 918 2309 974 atque

163 986 392 1052 abjiciens
410 1004 438 1036 a
455 1004 521 1039 se.
539 987 626 1039 Vel
647 987 872 1052 reliquias
895 986 1010 1035 dicit
1030 986 1198 1052 populi
1214 986 1460 1052 simplices
1479 998 1528 1040 et
1548 987 1738 1047 idiotas,
1762 988 1845 1053 qui
1859 987 2031 1053 abjecti
2050 998 2163 1037 sunt
2184 990 2311 1038 inter

163 1085 264 1125 eos,
291 1069 413 1122 sicut
433 1068 652 1135 Apostoli
673 1069 883 1130 fuerunt,
911 1077 956 1116 et
984 1068 1122 1117 multi
1145 1067 1207 1117 de
1235 1067 1377 1122 turba
1407 1069 1596 1118 Christo
1631 1070 1945 1132 adhaerenteS,
1990 1070 2113 1118 sicut
2140 1080 2187 1118 et
2221 1072 2311 1137 ipsi

162 1149 452 1215 profitentur
489 1151 626 1217 impii
654 1149 869 1201 dicentes
891 1152 905 1174 ¹
938 1168 950 1197 z
984 1149 1283 1214 «Numquid
1321 1149 1469 1215 aliqui
1493 1167 1548 1198 ex
1580 1150 1881 1216 principibus
1917 1151 2229 1200 crediderunt
2261 1154 2308 1201 in

162 1230 306 1284 eum?
329 1231 422 1282 Sed
445 1231 587 1283 turba
606 1230 709 1285 haec
732 1247 838 1296 quae
863 1247 968 1281 non
998 1231 1135 1284 novit
1164 1231 1339 1295 legem,
1375 1241 1467 1280 etc.
1491 1253 1513 1275 ιι
1559 1232 1681 1290 Quia
1721 1249 1836 1280 vero
1874 1232 2045 1299 aliquis
2077 1244 2310 1298 quaereret

161 1311 298 1376 cujus
329 1312 671 1378 praedicatione
704 1312 794 1360 ista
828 1312 1020 1365 vocatio
1058 1311 1141 1360 fiat
1173 1312 1421 1377 utriusque
1455 1313 1644 1378 populi,
1667 1313 1930 1379 respondet
1967 1313 2309 1379 praedicatione

162 1391 341 1440 scilicet
360 1393 561 1459 propria
581 1393 732 1459 ipsius
750 1393 949 1446 Domini
971 1393 1223 1448 incarnati.
1252 1395 1311 1440 Et
1332 1393 1426 1440 hoc
1449 1403 1535 1450 est,
1559 1414 1580 1437 ιε
1597 1394 1743 1451 Quod
1763 1394 1902 1442 faciet
1917 1395 2155 1443 Dominus
2175 1413 2197 1439 υ
2219 1412 2305 1460 per

162 1473 473 1538 semetipsum
492 1494 518 1519 κ
536 1473 741 1528 verbum
760 1473 1035 1529 breviatum
1058 1491 1111 1526 su
1118 1490 1203 1539 per
1227 1484 1419 1534 terram,
1445 1493 1468 1518 »
1498 1474 1547 1522 id
1565 1484 1636 1522 est
1658 1475 2048 1540 praedicationem
2074 1492 2308 1541 compen—

162 1553 375 1612 diosam3
395 1555 575 1609 scilicet
590 1554 726 1619 quod
737 1554 913 1606 dicitur
925 1555 1164 1620 sapienter
1181 1556 1346 1620 paucis
1368 1555 1622 1603 innotescit
1640 1555 1817 1603 verbis.
1848 1577 1870 1599 «
1889 1558 2046 1622 Super
2069 1566 2263 1618 terram,
2282 1576 2304 1600 »

163 1633 210 1681 id
227 1644 316 1695 est,
337 1651 444 1700 quae
459 1644 652 1700 superet
673 1652 872 1686 omnem
891 1646 1111 1698 terrenae,
1138 1636 1186 1684 id
1211 1646 1284 1684 est
1299 1635 1524 1683 humanae
1539 1636 1780 1701 sapientiae
1798 1636 2072 1690 doctrinam
2084 1674 2097 1698 ,
2117 1637 2241 1685 sicut
2263 1647 2311 1684 et

161 1732 363 1779 magnus
394 1715 473 1764 ille
507 1715 705 1768 Domini
737 1719 948 1769 Joannes
981 1716 1235 1782 profitetur
1266 1716 1432 1764 dicens
1453 1719 1502 1763 ³:
1537 1736 1559 1761 «
1590 1716 1687 1775 Qui
1725 1716 1786 1764 de
1819 1726 1943 1774 terra
1973 1727 2059 1779 est,
2093 1717 2155 1766 de
2187 1727 2311 1766 terra

160 1795 395 1860 loquitur,
421 1806 512 1844 etc.
540 1815 564 1841 »
591 1796 855 1855 Quomodo
885 1806 1046 1848 autem
1078 1798 1434 1863 superemineat
1463 1797 1566 1845 haec
1596 1796 1818 1846 doctrina
1845 1798 2027 1849 caeteris
2060 1797 2307 1860 omnibus,

161 1876 402 1941 praemittit
437 1876 619 1939 dicens,
649 1877 764 1942 quia
798 1897 819 1920 «
837 1876 1043 1929 verbum
1077 1895 1422 1927 consummans
1450 1888 1498 1926 et
1528 1877 1817 1926 abbrevians
1841 1899 1864 1922 »
1894 1877 2117 1932 videlicet
2152 1879 2307 1928 saciet.

162 1960 509 2010 Consummare
533 1967 604 2006 est
627 1957 876 2024 perficere,
903 1958 1100 2023 quando
1123 1959 1348 2008 videlicet
1377 1959 1427 2007 id
1459 1959 1594 2024 quod
1619 1958 1902 2008 inchoatum
1936 1970 2007 2008 est
2038 1959 2099 2008 ad
2126 1961 2313 2025 persec-

163 2038 346 2086 tionem.
375 2039 584 2087 ducitur.
622 2039 909 2103 Evangelica
945 2040 1106 2104 itaque
1129 2040 1423 2105 praedicatio,
1459 2057 1605 2104 quam
1627 2057 1715 2106 per
1736 2041 2046 2106 semetipsum
2076 2041 2312 2088 Dominus

164 2119 337 2178 attulit,
365 2119 733 2177 aedificationem
752 2121 1072 2168 necessariam
1093 2121 1143 2168 in
1168 2122 1315 2168 veteri
1338 2121 1442 2185 lege
1459 2120 1739 2170 inchoatam
1759 2121 2130 2181 consummavit,
2165 2121 2216 2170 id
2241 2131 2312 2169 est

162 2200 376 2264 perfecit,
420 2201 647 2249 addendo
675 2200 854 2249 scilicet
885 2217 991 2266 quae
1022 2200 1086 2248 ad
1108 2201 1459 2267 plenitudinem
1491 2202 1683 2266 justitiae
1712 2201 1926 2262 deerant,
1960 2202 2081 2250 sicut
2109 2202 2311 2266 ipsemet

164 2280 418 2344 profitetur
450 2282 616 2329 dicens
636 2283 651 2305 ⁴
678 2300 688 2328 z
729 2302 751 2326 t(
785 2282 883 2331 Nisi
917 2281 1236 2331 abundaverit
1266 2283 1446 2346 justitia
1470 2292 1644 2344 vestra,
1669 2293 1761 2332 etc.
1794 2304 1816 2327 »
1841 2285 2235 2334 «Consummans
2259 2284 2308 2332 in

160 2362 401 2426 aequitate,
423 2382 445 2407 υ
466 2362 516 2409 id
541 2371 628 2424 est,
651 2362 881 2428 supplens
905 2363 1040 2428 quod
1062 2363 1123 2411 de
1150 2364 1372 2429 aequitate
1396 2364 1557 2412 minus
1582 2363 1752 2426 suerat,
1775 2363 1828 2414 id
1851 2374 1939 2424 est,
1962 2363 2096 2429 quod
2119 2364 2180 2412 de
2205 2381 2312 2431 per·

163 2442 369 2490 sectione
386 2444 579 2508 Justitiae
598 2453 744 2509 atque
765 2445 994 2493 virtutum
1020 2443 1253 2492 defuerat.
1277 2448 1336 2491 Et
1357 2445 1684 2510 praetermissis
1706 2445 1974 2501 innumeris
1998 2445 2312 2494 observantiis

163 2523 453 2585 carnalibus,
490 2523 776 2572 abbrevians
807 2525 988 2573 scilicet
1020 2525 1069 2572 in
1103 2524 1297 2574 duobus
1322 2526 1570 2591 praeceptis
1604 2526 1815 2574 caritatis
1837 2527 1991 2591 ipsam
2010 2527 2306 2591 -aequitatem,

164 2603 247 2652 nbi
273 2605 493 2654 videlicet
514 2606 650 2653 diviti
673 2606 757 2667 illi,
778 2607 862 2671 qui
886 2606 948 2655 de
971 2606 1121 2654 salute
1145 2607 1318 2655 animae
1354 2624 1450 2654 suae
1487 2607 1796 2658 consuluerat
1819 2624 1949 2667 eum,
1987 2606 2235 2671 respondit
2257 2608 2270 2630 ¹⁵
2297 2624 2307 2654 :

165 2704 187 2728 «
208 2687 312 2736 Hoc
345 2686 417 2734 fac
436 2696 485 2734 et
506 2687 653 2739 vives.
680 2690 732 2734 ln
755 2687 832 2736 his
854 2688 982 2735 enim
1007 2687 1201 2736 duobus
1225 2688 1465 2742 mandatis
1490 2697 1591 2735 tota
1609 2688 1681 2735 lex
1712 2686 1891 2752 pendet
1915 2696 1963 2741 et
1992 2686 2261 2752 Prophetae.
2283 2705 2307 2733 »

164 2767 425 2820 Possumus
443 2767 584 2821 etiam
598 2767 758 2816 dicere
774 2778 1010 2832 quantum
1034 2769 1096 2816 ad
1121 2768 1479 2819 multitudinem
1499 2767 1761 2818 verbo-rum
1781 2768 1832 2815 in
1849 2783 1980 2821 novo
2004 2777 2308 2829 testatum,

163 2845 296 2909 quod
321 2856 457 2898 vetus
474 2849 755 2912 pra-:ceperit
777 2848 1091 2910 abreviatum,
1115 2849 1231 2913 quia
1252 2863 1405 2913 pauca
1428 2857 1543 2901 sunt
1564 2848 1731 2912 quaein
1749 2856 1914 2901 monte
1930 2848 2186 2910 Dominus,
2200 2865 2311 2900 oum

163 2942 347 2975 novum
368 2927 578 2980 traderet
597 2937 953 2990 testamentum,
973 2932 1005 2977 A
1012 2929 1213 2994 postolis
1227 2928 1363 2989 dixit,
1384 2927 1447 2981 ad
1470 2928 1884 2994 comparationem
1910 2945 2207 2994 eorumquae
2225 2945 2312 2994 per

162 3007 377 3072 Moysem
401 3009 624 3074 praecepit
653 3027 662 3056 :
690 3018 740 3057 et
753 3026 901 3075 parva
938 3019 1050 3061 sunt
1069 3019 1278 3074 quatuor
1303 3008 2037 3074 Evangeliorum..volumina‚ad
2059 3024 2314 3075 compara-

165 3087 345 3143 tionem
368 3090 585 3154 quinque
605 3089 842 3146 librorum
861 3090 1054 3155 Moysis.
1072 3092 1243 3155 Magna
1262 3091 1423 3155 itaque
1443 3099 1518 3147 est
1532 3090 1776 3156 Evangelii
1795 3090 2174 3152 commendatio,
2195 3101 2248 3139 nt
2268 3101 2315 3140 et

210 3307 217 3326 ¹
236 3305 290 3338 Sic
305 3307 413 3339 locum
435 3308 648 3341 restituimus.
670 3307 824 3341 Amboes.
844 3309 978 3342 Scilicet
995 3309 1045 3342 ita
1060 3318 1122 3350 pro
1141 3308 1335 3351 Siqnificat.
1355 3327 1388 3332 —
1408 3310 1419 3329 ²
1435 3307 1542 3347 Joan„
1561 3317 1633 3350 cap.
1652 3316 1709 3349 vu,
1728 3317 1758 3340 v.
1772 3308 1826 3342 48.
1845 3325 1880 3331 —
1898 3308 1909 3328 ³
1923 3306 2033 3348 Joa=1.‚
2049 3313 2187 3348 rap.1n,
2204 3314 2235 3338 v.
2251 3304 2301 3337 31-

166 3377 207 3384 -
227 3360 237 3380 ⁴
255 3359 384 3402 Manli..
402 3370 476 3403 cap.
487 3371 521 3403 v,
536 3372 567 3395 v.
581 3365 634 3397 20.
648 3380 686 3387 —
703 3363 819 3404 ‘Luc.‚
834 3373 905 3405 cap.
924 3373 958 3406 x,
976 3372 1006 3396 v.
1023 3366 1076 3399 25.
