2638 3866
280 266 378 313 402
1094 261 1277 309 PETRI·
1298 262 1612 310 ABAELARDI

282 367 411 428 cide,
438 367 511 414 vel
535 365 673 427 rado,
700 374 747 412 et
770 364 945 412 mixtus
972 365 1228 430 purissimo
1258 367 1450 431 corpori
1475 364 1758 414 vernaculos
1781 381 1836 413 ex
1862 382 1918 415 ea
1945 383 2121 431 genero
2145 365 2417 413 Domino.»

222 507 227 510 j
282 450 399 496 Item
424 467 435 495 z
466 467 489 492 «
515 447 798 512 Cyprianus,
827 446 901 493 vir
921 445 1196 511 eloquentia
1219 446 1406 512 pollens
1429 457 1477 494 et
1500 447 1748 512 martyrio,
1765 447 2022 494 Formiano
2039 456 2264 495 narrante
2290 463 2421 494 mor·

282 529 438 586 detur,
464 544 551 574 cur
573 526 801 574 adversus
827 527 1192 574 Demetrianum
1221 527 1451 587 scribens,
1475 527 1759 575 testimoniis
1790 544 1903 574 usus
1925 528 1983 574 sit
2005 526 2350 593 prophetarum
2374 536 2421 574 et

279 608 638 673 apostolorum,
680 624 786 672 quae
820 607 898 655 ille
927 607 1036 655 ficta
1074 617 1121 654 et
1154 609 1481 656 commentitia
1518 625 1619 655 esse
1654 607 1878 666 ducebat,
1910 618 1955 655 et
1987 625 2087 655 non
2122 608 2283 674 potius
2314 606 2419 673 phi·

277 688 596 754 losophorum
635 704 691 735 ac
719 698 1001 754 poetarum,
1041 705 1251 753 quorum
1282 689 1554 737 auctoritati
1585 698 1639 736 ut
1673 689 1892 736 ethnicus
1926 689 2165 736 contraire
2197 705 2298 735 non
2330 705 2418 754 po·
2463 695 2465 708 '

277 779 414 816 terat.
441 788 463 812 »
490 772 607 816 Item
637 787 647 815 ε
679 789 701 813 «
728 769 964 834 Josephus
988 769 1112 816 duos
1135 769 1283 817 libros
1306 769 1472 817 scribit
1494 779 1663 818 contra
1688 770 1921 835 Apionem
1948 769 2319 818 Alexandrinum
2336 807 2349 831 ,
2372 779 2420 816 et

275 859 408 898 tanta
447 849 742 898 saecularium
782 849 972 916 praefert
1011 850 1310 909 testimonia,
1352 860 1406 897 ut
1441 849 1560 898 mihi
1606 849 1889 897 miraculum
1930 850 2125 912 subeat,
2166 849 2417 915 quomodo

275 930 501 979 Hebraeus
539 929 601 978 ab
635 930 835 978 infantia
869 930 1014 978 sacris
1047 930 1214 978 litteris
1250 930 1465 978 eruditus
1501 940 1725 978 cunctam
1762 933 2036 978 Graecorum
2072 929 2417 979 bibliothecam

275 1013 521 1061 evolverit.
541 1033 564 1056 »
581 1015 698 1059 Item
716 1030 726 1058 ε
746 1031 768 1057 «
786 1014 959 1059 Extant
974 1021 1020 1059 et
1031 1014 1055 1058 J
1062 1011 1208 1059 uliani
1222 1011 1423 1060 Africani
1439 1011 1548 1060 libri
1559 1021 1606 1059 et
1617 1010 1902 1059 Theodoreti
1912 1051 1923 1074 ,
1934 1012 2023 1059 viri
2040 1011 2415 1078 apostolicorum

274 1094 521 1158 signorum
557 1103 700 1158 atque
730 1093 990 1151 virtutum3
1025 1102 1072 1140 et
1096 1092 1312 1158 Dionysii
1352 1092 1656 1140 Alexandrini
1695 1093 1926 1159 episcopi,
1969 1092 2171 1140 Anatolii
2200 1108 2413 1156 quoque,

274 1174 528 1240 Pamphili,
568 1174 725 1236 Pierii,
764 1175 979 1232 Luciani,
1023 1173 1322 1236 Malchionis,
1360 1173 1550 1221 Eusebii
1587 1175 1876 1222 Cesariensis
1910 1173 2151 1241 episcopi,
2192 1183 2282 1220 etc.
2333 1173 2417 1239 qui

271 1271 442 1302 omnes
477 1255 525 1301 in
567 1264 756 1302 tantum
796 1254 1203 1320 philosophorum
1243 1254 1476 1301 doctrinis
1516 1265 1661 1320 atque
1696 1255 1940 1303 sententiis
1976 1272 2088 1302 suos
2126 1253 2414 1302 reserserunt

268 1335 436 1397 libros,
472 1345 522 1383 ut
549 1336 733 1383 nescias
763 1334 881 1400 quid
915 1335 964 1381 in
995 1335 1084 1382 illis
1114 1335 1326 1400 primum
1355 1335 1582 1383 admirari
1608 1335 1804 1398 debeas,
1832 1335 2153 1383 eruditionem
2184 1351 2244 1381 an
2271 1334 2418 1381 scien-

268 1417 383 1464 tiam
433 1416 794 1483 scripturarum.
833 1434 856 1460 »
898 1415 1031 1462 Idem
1077 1415 1138 1463 ad
1179 1416 1487 1481 Vigilantium
1526 1415 1859 1482 presbyterum
1903 1435 1914 1463 :
1957 1437 1980 1460 <c
2009 1415 2189 1464 Eadem
2232 1413 2416 1463 absenti

268 1496 485 1561 significo
519 1514 625 1562 quae
652 1497 873 1563 praesenti
908 1513 1106 1561 quoque
1134 1496 1327 1544 locutus
1367 1514 1492 1559 sum,
1530 1514 1606 1544 me
1648 1497 1711 1545 ita
1753 1497 2012 1561 Origenem
2040 1496 2206 1560 legisse
2240 1495 2314 1542 vel
2346 1494 2414 1542 le-

269 1594 405 1643 gere,
449 1587 503 1624 ut
540 1578 894 1643 Apollinarem,
940 1587 993 1624 ut
1028 1586 1214 1625 ceteros
1257 1587 1564 1640 tractatores,
1603 1595 1814 1644 quorum
1850 1578 1898 1625 in
1938 1576 2230 1643 quibusdam
2266 1574 2415 1622 libros

266 1659 463 1706 ecclesia
491 1675 591 1706 non
617 1658 784 1724 recipit
800 1678 814 1719 3
848 1658 962 1723 quia
988 1659 1147 1724 operis
1170 1659 1266 1706 mei
1293 1668 1362 1705 est
1393 1668 1437 1706 et
1469 1658 1612 1706 studii
1639 1658 1815 1707 multos
1838 1658 2012 1724 legere,
2044 1667 2095 1705 ut
2116 1675 2170 1705 ex
2198 1656 2415 1723 plurimis

267 1738 483 1786 diversos
517 1739 661 1786 flores
689 1755 901 1804 carpam,
941 1755 1041 1785 non
1067 1748 1166 1785 tam
1189 1738 1481 1804 probaturus
1511 1739 1693 1798 omma,
1721 1755 1869 1804 quam
1898 1756 2003 1804 quae
2025 1738 2155 1785 bona
2186 1746 2296 1785 sunt
2320 1735 2414 1785 ele·-

266 1830 446 1867 cturus.
486 1821 687 1866 Assumo
715 1818 894 1866 multos
916 1819 965 1865 in
990 1835 1156 1880 manu,
1191 1828 1241 1865 ut
1264 1835 1290 1865 a
1320 1819 1481 1866 multis
1512 1819 1662 1866 multa
1689 1819 1881 1883 cognita
1906 1835 2215 1882 cognoscam,
2245 1834 2409 1865 secun-

265 1900 382 1949 dum
404 1899 538 1965 quod
557 1900 789 1965 scriptum
809 1901 904 1947 est1
935 1917 943 1945 :
976 1899 1189 1946 «Omnia
1213 1898 1440 1963 legentes,
1467 1899 1599 1964 quod
1624 1898 1810 1946 bonum
1835 1909 1906 1946 est
1927 1900 2201 1946 retinentes.
2225 1919 2248 1942 υ
2274 1897 2413 1945 Unde

264 1982 377 2030 satis
413 1981 565 2028 miror
597 1989 643 2027 te
678 1980 887 2027 voluisse
921 1979 1141 2044 Origenis
1176 1979 1294 2026 mihi
1330 1979 1541 2044 objicere
1585 1979 1830 2044 dogmata.
1867 1980 2098 2044 Origenes
2132 1978 2408 2038 haereticus,

264 2061 384 2127 quid
408 2062 470 2109 ad
501 2079 595 2124 me,
624 2060 708 2126 qui
729 2060 850 2108 illud
875 2061 923 2108 in
953 2060 1194 2126 plerisque
1217 2059 1496 2108 haereticum
1521 2078 1622 2109 esse
1646 2078 1747 2108 non
1775 2060 1931 2124 nego?
1963 2061 2151 2107 Erravit
2173 2059 2233 2107 de
2256 2076 2412 2107 resur-

263 2143 476 2191 rectione
504 2142 737 2208 corporis,
762 2141 822 2189 de
845 2141 1115 2189 animarum
1137 2150 1277 2203 statu,
1305 2141 1366 2189 de
1389 2140 1569 2189 diaboli
1590 2141 1888 2208 poenitentia,
1917 2151 1982 2199 et,
2009 2139 2142 2205 quod
2162 2140 2236 2187 his
2259 2140 2413 2205 majus

265 2233 360 2285 est,
399 2224 570 2271 Filium
600 2233 648 2270 et
669 2222 903 2288 Spiritum
926 2232 1147 2270 sanctum
1171 2222 1221 2269 in
1245 2222 1615 2269 Commentariis
1642 2222 1772 2270 Isaiae
1796 2221 2048 2287 Seraphim
2082 2238 2183 2269 esse
2216 2230 2413 2269 testatus

264 2314 351 2352 est.
367 2306 528 2351 »Item
548 2322 559 2351 :
587 2323 609 2349 «
637 2305 802 2368 Neque
826 2303 957 2350 enim
980 2303 1043 2350 ita
1070 2302 1304 2350 debemus
1326 2302 1455 2350 bona
1479 2302 1580 2367 ejus
1600 2303 1829 2368 recipere,
1858 2313 1909 2350 ut
1934 2301 2059 2350 mala
2087 2318 2284 2367 quoque
2309 2318 2410 2349 sus·

262 2385 421 2450 cipere
447 2401 693 2448 cogamur.
721 2385 770 2431 Si
799 2383 944 2447 igitur
977 2400 1083 2448 quae
1118 2382 1250 2430 bona
1284 2392 1394 2431 sunt
1428 2384 1665 2446 transtuli,
1691 2393 1739 2431 et
1772 2383 1899 2431 mala
1926 2382 2000 2431 vel
2036 2382 2306 2448 amputavi,
2336 2380 2411 2429 vel

260 2466 407 2527 tacui,
433 2465 510 2512 vel
534 2464 742 2526 correxi,
767 2463 1042 2529 arguendus
1064 2480 1190 2522 sum,
1214 2480 1300 2510 cur
1326 2480 1427 2510 non
1453 2480 1540 2529 per
1565 2480 1641 2510 me
1659 2465 1810 2511 Latini
1826 2463 1959 2511 bona
1981 2463 2083 2527 ejus
2104 2462 2334 2523 habeant,
2364 2472 2410 2509 et

260 2546 485 2610 ignorent
520 2545 679 2593 mala?
703 2546 752 2592 Si
779 2544 876 2591 hoc
898 2545 1081 2592 crimen
1108 2553 1195 2606 est,
1225 2553 1452 2607 arguatur
1477 2543 1725 2592 confessor
1748 2544 1972 2606 Hilarius,
1999 2543 2081 2608 qui
2107 2541 2409 2589 Psalmorum

258 2627 707 2694 interpretationem
733 2634 780 2673 et
809 2624 1042 2672 Homilias
1070 2624 1119 2672 in
1149 2623 1241 2671 Job
1270 2641 1326 2671 ex
1357 2623 1493 2672 libris
1518 2624 1620 2689 ejus
1654 2625 1913 2672 transtulit.
1949 2624 2018 2671 Sit
2051 2624 2099 2670 in
2125 2623 2268 2688 culpa
2291 2625 2332 2669 V
2333 2639 2408 2670 er-

261 2708 476 2755 cellensis
517 2706 778 2767 Eusebius,
821 2706 904 2772 qui
942 2706 1163 2753 omnium
1204 2705 1503 2772 psalmorum
1539 2706 1914 2753 commentarios
1947 2703 2155 2752 haeretici
2194 2702 2409 2750 hominis

259 2789 399 2835 vertit
425 2790 474 2835 in
507 2798 725 2835 nostrum
749 2787 1014 2852 eloquium,
1046 2787 1156 2834 licet
1186 2786 1410 2834 haeretica
1430 2787 1813 2852 praetermittens.
1837 2805 1859 2831 »
1882 2789 1992 2834 Haec
2018 2784 2215 2849 quidem
2238 2783 2407 2831 Hiero-

261 2884 432 2932 nymus
468 2869 694 2916 adversus
730 2885 901 2916 eorum
932 2868 1194 2916 calumnias
1226 2867 1402 2927 reddit,
1435 2868 1517 2932 qui
1549 2866 1613 2915 ob
1644 2867 1693 2915 id
1723 2867 1986 2915 catholicos
2020 2875 2301 2913 tractatores
2328 2880 2404 2911 re-

261 2947 635 3012 prehendendos
681 2959 957 3010 autumant,
1001 2949 1134 3015 qnod
1174 2949 1360 3014 scriptis
1403 2950 1501 2996 suis
1542 2948 1809 2997 infidelium
1853 2947 2124 2996 testimonia
2161 2945 2236 2994 vel
2280 2944 2406 2992 dicta

260 3027 468 3074 inserere
492 3039 796 3093 praesumant,
825 3030 961 3094 quasi
987 3030 1056 3077 eis
1079 3029 1410 3077 auctoritatem
1437 3029 1666 3089 tribuant,
1694 3030 1778 3094 qui
1801 3028 1934 3077 nulla
1957 3028 2090 3092 digni
2113 3035 2223 3074 sunt
2244 3034 2406 3072 aucto-

259 3106 415 3165 ritate,
452 3117 498 3154 et
533 3109 667 3171 quasi
696 3109 936 3156 maculare
968 3126 1125 3157 sacras
1157 3109 1414 3156 sententias
1446 3110 1597 3174 possit
1629 3110 1802 3171 veritas
1831 3125 1919 3173 per
1951 3106 2167 3154 infideles
2196 3103 2397 3170 prolata.

257 3189 462 3234 Noverat
492 3188 672 3253 quippe
701 3189 772 3236 vir
790 3189 1154 3237 discretissimus
1188 3205 1335 3254 grana
1365 3189 1415 3236 in
1442 3189 1607 3254 paleis,
1645 3198 1693 3236 et
1720 3187 2027 3252 margaritam
2050 3185 2218 3233 ceteris
2252 3200 2402 3250 quan·

303 3373 472 3408 'leessaL
490 3371 516 3413 I,
534 3381 606 3414 cap.
624 3382 653 3414 v,
671 3383 702 3406 v.
719 3374 771 3407 21.
792 3407 794 3409 ,
