2638 3866
672 215 890 267 ETHICA
925 218 1036 268 SEU
1068 219 1245 269 LIBER
1275 221 1485 271 DICTUS
1514 241 1526 270 :
1553 222 1720 272 SCITO
1750 222 2019 273 TEIPSUM.
2328 226 2422 275 595

1041 493 1287 556 CAPUT
1332 495 1656 558 PRIMUM.

902 638 961 676 De
978 635 1076 677 vitio
1093 638 1236 690 animi,
1258 640 1366 693 quod
1390 640 1439 680 ad
1460 653 1589 681 mores
1605 639 1791 695 pertinet.

335 762 458 808 Sunt
486 770 647 809 autem
677 761 826 809 animi
853 778 1049 829 quoque
1073 764 1309 812 nonnulla
1329 765 1469 827 vitia,
1496 782 1581 814 seu
1603 764 1737 815 bona
1766 781 1875 831 quae
1897 781 1926 813 a
1956 765 2173 813 moribus
2206 767 2420 832 sejuncta

270 850 411 901 sunt3
447 858 538 890 nec
567 842 717 891 vitam
752 841 1018 891 humanam
1042 844 1302 911 vituperio,
1331 862 1422 894 nec
1445 845 1588 895 laude
1611 846 1809 912 dignam
1836 846 2073 909 efficiunt,
2103 857 2157 895 ut
2183 846 2420 896 habitudo

270 922 419 971 animi
467 923 544 971 vel
578 922 808 972 velocitas
851 925 1054 989 ingenii3
1108 925 1400 974 obliviosum
1437 927 1515 974 vel
1566 945 1834 976 memorem
1872 944 1996 988 esse;
2040 928 2310 992 ignorantia
2345 928 2422 977 vel

269 1003 484 1052 scientia.
521 1006 638 1062 Quae
670 1004 870 1070 quidem
899 1007 1064 1055 omnia
1093 1023 1206 1054 cum
1236 1023 1371 1071 aeque
1404 1008 1626 1073 reprobis
1657 1019 1711 1056 ut
1742 1008 1885 1056 bonis
1919 1009 2161 1070 eveniant,
2203 1009 2324 1057 nihil
2359 1011 2421 1059 ad

271 1099 464 1132 morum
501 1085 907 1151 compositionem
942 1088 1210 1153 pertinent,
1250 1104 1340 1136 nec
1377 1097 1569 1154 turpem
1605 1090 1681 1137 vel
1707 1089 1964 1137 honestam
2000 1088 2216 1137 efficiunt
2250 1091 2417 1139 vitam.

270 1164 411 1213 Unde
445 1165 571 1214 bene
595 1183 705 1215 cum
730 1168 949 1233 superius
972 1169 1364 1235 praemisissemus
1390 1189 1412 1216 «
1442 1170 1593 1218 animi
1615 1171 1748 1233 vitia,
1771 1190 1795 1216 »
1823 1170 1885 1219 ad
1909 1170 2233 1219 exclusionem
2255 1171 2420 1219 talium

269 1244 605 1310 subjunximus
632 1266 642 1295 :
674 1267 699 1294 «
720 1265 827 1313 quae
845 1249 907 1297 ad
922 1250 1048 1299 mala
1067 1267 1215 1316 opera
1238 1266 1415 1317 pravos
1437 1250 1669 1313 efficiunt,
1700 1271 1723 1297 »
1749 1252 1801 1300 id
1829 1261 1923 1315 est,
1961 1252 2260 1300 voluntatem
2291 1252 2423 1300 incli-

269 1336 389 1374 nant
410 1327 472 1375 ad
497 1328 681 1394 aliquid
707 1329 842 1395 quod
864 1312 1064 1379 minime
1088 1332 1317 1380 convenit
1338 1331 1459 1393 fieri,
1483 1331 1561 1380 vel
1585 1332 1790 1381 demitti.

1153 1590 1402 1652 CAPUT
1458 1592 1543 1651 ΙΙ.

719 1733 822 1783 Quid
844 1733 958 1773 distet
974 1735 1076 1774 inter
1097 1743 1300 1788 peccatum
1320 1744 1360 1775 et
1378 1733 1520 1775 vitium
1538 1735 1729 1775 inclinans
1746 1734 1797 1774 ad
1816 1734 1978 1776 malum.

335 1859 442 1904 Non
480 1867 550 1905 est
573 1866 735 1906 autem
760 1857 1042 1924 hujusmodi
1066 1860 1218 1908 animi
1238 1861 1411 1908 vitium
1433 1859 1566 1909 idem
1600 1859 1738 1927 quod
1762 1869 2041 1927 peccatum;
2059 1875 2151 1907 nee
2173 1868 2425 1925 peccatum

265 1925 397 1987 idem
437 1938 574 2005 quod
611 1939 736 1988 actio
774 1941 918 1990 mala.
962 1941 1111 1990 Verbi
1142 1942 1292 2006 gratia
1329 1942 1619 1991 iracundum
1663 1959 1789 2003 esse,
1834 1941 1930 1990 hoc
1976 1951 2064 2004 est,
2093 1956 2305 2006 pronum
2348 1940 2426 1988 vel

267 2018 455 2068 facilem
477 2019 541 2068 ad
558 2020 640 2068 irae
661 2021 1096 2086 perturbationem,
1122 2023 1294 2071 vitium
1316 2033 1414 2083 est,
1446 2033 1493 2071 et
1517 2032 1730 2071 mentem
1749 2021 1949 2070 inclinat
1968 2020 2031 2069 ad
2054 2020 2237 2085 aliquid
2270 2021 2423 2086 impe·

264 2110 403 2148 tuose
426 2111 474 2149 et
496 2101 889 2151 irrationabiliter
910 2103 1195 2168 gerendum,
1221 2104 1358 2170 quod
1381 2104 1583 2152 minime
1605 2104 1849 2152 convenit.
1877 2106 1982 2150 Hoc
2005 2111 2168 2150 autem
2186 2101 2356 2149 vitium
2373 2102 2423 2148 in

265 2181 428 2231 anima
450 2192 538 2242 est,
565 2193 618 2230 ut
629 2183 853 2233 videlicet
865 2185 924 2232 sit
939 2184 1001 2233 ad
1014 2185 1339 2248 irascendum,
1365 2185 1511 2233 etiam
1542 2202 1654 2233 cum
1679 2201 1782 2234 non
1803 2192 2026 2231 movetur
2050 2182 2112 2231 ad
2133 2182 2255 2230 iram
2273 2199 2284 2228 ε
2302 2182 2425 2230 sicut

266 2261 572 2325 claudicatio,
592 2264 725 2312 unde
741 2264 942 2314 claudus
965 2265 1142 2314 dicitur
1164 2265 1337 2329 homo,
1365 2265 1415 2313 in
1442 2266 1549 2332 ipso
1574 2275 1663 2325 est,
1689 2264 1889 2331 quando
1913 2264 2058 2312 etiam
2083 2278 2185 2311 non
2209 2261 2425 2311 ambulat

265 2342 585 2393 claudicando
613 2363 626 2392 2
653 2347 769 2411 quia
798 2347 973 2395 vitium
1004 2347 1142 2397 adest
1173 2349 1316 2396 etiam
1340 2364 1454 2396 cum
1483 2348 1608 2396 actio
1633 2347 1786 2396 deest.
1817 2347 1896 2394 Sic
1927 2355 1974 2394 et
1993 2344 2172 2392 multos
2195 2343 2258 2392 ad
2280 2342 2425 2391 luxu-

265 2424 387 2472 riam
423 2426 546 2474 sicut
582 2426 644 2474 ad
679 2427 820 2489 iram,
856 2437 1030 2478 natura
1065 2430 1188 2496 ipsa,
1225 2430 1303 2478 vel
1340 2429 1615 2496 complexio
1649 2428 1870 2495 corporis
1903 2442 2087 2493 pronos
2122 2424 2291 2482 efficit;
2335 2441 2423 2473 nec

264 2515 428 2553 tamen
458 2506 509 2554 in
533 2507 640 2573 ipso
664 2507 762 2556 hoc
787 2519 994 2575 peccant
1021 2512 1135 2576 quia
1155 2510 1272 2558 tales
1291 2520 1431 2573 sunt,
1457 2510 1543 2558 sed
1566 2526 1739 2576 pugnae
1760 2508 2013 2556 materiam
2041 2523 2099 2555 ex
2122 2505 2218 2553 hoc
2241 2505 2424 2553 habent

266 2595 320 2633 ut
362 2603 451 2651 per
485 2590 816 2654 temperantiae
846 2592 1074 2640 virtutem
1109 2592 1172 2640 de
1211 2609 1262 2639 se
1308 2592 1425 2658 ipsis
1463 2591 1816 2658 triumphantes
1858 2604 2092 2637 coronam
2133 2585 2417 2652 percipiant,

262 2666 396 2730 juxta
421 2668 541 2716 illud
573 2669 876 2719 Salomonis¹
902 2691 913 2720 z
944 2692 968 2719 «
995 2673 1166 2721 Melior
1187 2683 1258 2721 est
1281 2674 1470 2739 patiens
1489 2673 1597 2722 viro
1618 2673 1757 2733 forti,
1785 2680 1832 2719 et
1854 2671 1937 2736 qui
1961 2669 2242 2717 dominatur
2258 2668 2423 2714 animo

265 2762 355 2795 suo
374 2758 705 2815 expugnatore
725 2753 939 2803 urbium.
971 2773 995 2800 >2
1015 2757 1125 2803 Non
1154 2755 1286 2802 enim
1311 2754 1479 2819 religio
1502 2754 1564 2802 ab
1588 2754 1790 2802 homine
1811 2751 1959 2811 vinci,
1987 2749 2072 2798 sed
2087 2766 2116 2798 a
2137 2748 2257 2796 vitio
2283 2757 2423 2813 turpe

265 2828 519 2878 existimat.
558 2830 682 2879 Illud
715 2833 896 2900 quippe
916 2833 1168 2883 bonorum
1195 2851 1394 2901 quoque
1427 2835 1688 2882 hominum
1720 2841 1818 2893 est3
1845 2832 1895 2879 in
1927 2830 2025 2879 hoc
2057 2846 2085 2878 a
2107 2828 2249 2877 nobis
2271 2827 2421 2876 decli·

265 2924 457 2959 namus.
472 2914 617 2960 Hanc
642 2912 785 2961 nobis
810 2913 1064 2963 victoriam
1085 2915 1438 2964 commendans
1461 2914 1737 2981 Apostolus,
1763 2913 1851 2961 ait¹
1878 2930 1888 2958 :
1920 2930 1944 2957 «
1964 2913 2073 2958 Non
2101 2907 2421 2958 coronabitur

266 2990 376 3055 quis
404 2991 497 3039 nisi
525 2991 735 3056 legitime
760 2995 1028 3043 certaverit.
1067 3014 1092 3042 »
1128 2997 1418 3058 Certaverit,
1455 2996 1675 3062 inquam,
1701 3010 1803 3043 non
1838 3003 1937 3041 tarn
1964 2990 2246 3040 hominibus
2277 3006 2424 3056 quam

262 3070 389 3121 vitiis
421 3072 710 3135 resistendo,
745 3090 809 3122 ne
833 3085 930 3123 ‘nos
957 3075 1180 3125 videlicet
1207 3077 1256 3124 in
1283 3093 1577 3132 consensum
1599 3074 1881 3143 pertrahant
1905 3089 2114 3140 pravum
2141 3089 2152 3119 :
2181 3087 2306 3138 quae,
2335 3072 2425 3119 etsi

263 3149 490 3202 homines
523 3163 727 3217 cessent,
765 3154 1053 3222 impugnare
1102 3173 1194 3206 nos
1225 3174 1327 3206 non
1366 3167 1556 3207 cessant
1596 3174 1608 3206 ι
1644 3166 1699 3205 ut
1731 3164 1869 3204 tanto
1900 3153 2219 3221 periculosior
2253 3168 2423 3200 eorum

307 3335 317 3355 ⁸
333 3335 451 3377 Prov„
467 3346 541 3380 cap.
558 3347 625 3381 xvi,
642 3348 674 3373 v.
692 3341 748 3375 32.
767 3357 810 3366 —
824 3341 837 3362 ²
852 3341 940 3376 Tim.
957 3339 1004 3385 11,
1022 3350 1099 3385 cap.
1114 3350 1151 3385 11,
1168 3350 1200 3375 v.
1218 3344 1249 3377 5.
