2638 3866
215 249 310 298 596
1018 242 1190 290 PETRI
1225 242 1542 290 ABAELARDI

215 365 377 415 pugna
414 349 498 406 sit,
527 354 709 412 quanto
742 343 1063 409 frequentior;
1094 353 1142 391 et
1171 353 1305 391 tanto
1330 343 1531 391 victoria
1556 343 1730 391 clarior
1760 353 1943 410 quanto
1974 343 2229 392 difficilior.
2258 346 2357 393 Ho-

219 433 371 481 mines
404 448 519 479 vero
554 438 1000 494 quantumcumque
1033 427 1347 494 praevaleant,
1382 426 1504 474 nihil
1533 427 1640 475 vitae
1672 437 1846 476 nostrae
1881 427 2189 494 turpitudinis
2224 428 2356 492 inge·

220 523 350 572 runt,
376 513 467 559 nisi
490 527 603 558 cum
629 526 764 557 more
789 510 1037 572 vitiorum,
1066 518 1113 557 et
1133 509 1270 574 quasi
1287 507 1432 556 nobis
1459 509 1510 556 in
1540 508 1656 557 vitia
1671 509 1935 570 conversis,
1959 510 2088 575 turpi
2121 526 2212 556 nos
2236 525 2356 557 con-

219 609 359 641 sensu
390 591 667 655 subjiciunt.
699 589 795 637 Illis
819 590 1014 656 corpori
1032 589 1395 637 dominantibus
1410 627 1423 652 ,
1456 588 1575 637 dum
1599 588 1720 637 liber
1749 591 1938 638 animus
1959 589 2125 651 suerit,
2151 587 2271 637 nibil
2296 588 2358 637 de

215 688 327 719 vera
369 671 588 719 libertate
632 669 947 736 periclitatur,
999 669 1120 717 nihil
1169 669 1409 719 obscoenae
1443 670 1682 718 servitutis
1725 671 2030 718 incurrimus.
2084 672 2192 717 Non
2229 668 2358 717 enim

214 753 403 800 homini
440 751 618 800 servire
641 750 726 798 sed
754 751 869 798 vitio
894 761 1034 816 turpe
1056 761 1157 814 est;
1195 768 1286 799 nec
1318 750 1583 817 corporalis
1616 751 1838 814 servitus,
1873 750 1959 798 sed
1982 750 2211 798 vitiorum
2243 748 2358 798 sub-

210 834 356 897 jectio
387 833 600 881 animam
628 832 853 898 deturpat
877 849 888 878 :
916 830 1156 896 quidquid
1181 832 1311 880 enim
1339 831 1484 879 bonis
1512 831 1690 897 pariter
1715 840 1763 879 et
1797 832 1934 879 malis
1963 847 2225 879 commune
2256 839 2353 892 est,

216 913 334 962 nihil
350 913 412 962 ad
426 914 647 962 virtutem
671 913 742 961 vel
758 913 927 960 vitium
946 912 1104 961 refert.

1089 1114 1330 1177 CAPUT
1376 1117 1494 1177 III.

676 1259 779 1310 Quid
799 1260 847 1299 sit
865 1260 984 1300 animi
1000 1261 1139 1302 vitium
1157 1270 1196 1301 et
1216 1261 1311 1314 quid
1332 1262 1491 1316 proprie
1509 1261 1659 1301 dicatur
1676 1270 1893 1316 peccatum.

277 1386 458 1434 Vitium
490 1385 649 1450 itaque
672 1395 764 1446 est,
796 1403 896 1450 quo
926 1386 989 1435 ad
1017 1387 1320 1453 peccandum
1347 1388 1492 1454 proni
1522 1387 1776 1448 efficimur,
1810 1387 1906 1434 hoc
1941 1395 2029 1448 est,
2071 1380 2362 1435 inclinamur

212 1466 273 1515 ad
306 1464 708 1514 consentiendum
739 1467 783 1513 ei
812 1467 947 1531 quod
979 1484 1082 1515 non
1107 1469 1356 1529 convenit,
1398 1478 1452 1516 ut
1475 1468 1595 1516 illud
1626 1468 1806 1516 scilicet
1833 1467 2062 1516 faciamus
2092 1477 2176 1514 aut
2198 1466 2360 1515 dimit-

213 1558 386 1596 tamus.
423 1549 565 1594 Hunc
589 1563 706 1594 vero
739 1564 1032 1596 consensum
1055 1550 1250 1615 proprie
1279 1559 1531 1615 peccatum
1559 1549 1894 1609 nominamus3
1928 1547 2025 1595 hoc
2056 1557 2145 1602 est,
2170 1547 2361 1613 culpam

214 1628 401 1689 animae,
425 1643 520 1692 qua
539 1626 904 1676 damnationem
928 1639 1158 1691 meretur,
1184 1629 1262 1678 vel
1284 1630 1415 1696 apud
1438 1633 1596 1678 Deum
1619 1646 1700 1677 rea
1723 1629 1961 1677 statuitur.
1987 1626 2116 1686 Quid
2140 1636 2212 1674 est
2232 1628 2363 1675 enim

214 1709 302 1757 iste
321 1724 602 1768 consensus,
626 1708 718 1754 nisi
736 1709 826 1755 Dei
845 1719 1175 1775 contemptus,
1199 1720 1246 1758 et
1265 1711 1451 1759 offensa
1470 1710 1653 1777 ipsius?
1675 1713 1783 1758 Non
1803 1709 1934 1758 enim
1951 1711 2081 1756 Deus
2092 1725 2149 1756 ex
2160 1708 2360 1769 damno,

213 1788 300 1836 sed
330 1805 387 1835 ex
421 1796 706 1852 contemptu
741 1788 924 1836 offendi
960 1800 1138 1854 potest.
1176 1793 1283 1856 Ipse
1316 1792 1498 1857 quippe
1535 1800 1606 1839 est
1643 1807 1834 1839 summa
1868 1790 1949 1839 illa
1984 1798 2220 1855 potestas,
2258 1805 2365 1854 quae

215 1868 396 1917 damno
434 1868 596 1933 aliquo
626 1884 729 1915 non
766 1869 1018 1932 minuitur,
1056 1870 1141 1918 sed
1167 1880 1500 1937 contemptum
1535 1871 1608 1919 sui
1635 1871 1894 1918 ulciscitur.
1923 1873 2181 1917 Peccatum
2203 1869 2364 1933 itaque

214 1958 437 1997 nostrum
468 1957 777 2014 contemptus
801 1951 1039 1999 Creatoris
1071 1961 1167 2011 est,
1201 1960 1251 1999 et
1281 1968 1480 2017 peccare
1503 1961 1574 1998 est
1595 1953 1875 1999 Creatorem
1908 1958 2236 2007 contemnere,
2264 1938 2366 1997 hoc

216 2039 304 2089 est,
343 2029 394 2077 id
416 2045 726 2094 nequaquam
752 2029 907 2078 facere
932 2041 1132 2097 propter
1155 2031 1332 2097 ipsum,
1358 2032 1493 2097 quod
1515 2032 1761 2080 credimus
1779 2040 1979 2098 propter
1999 2030 2156 2095 ipsum
2177 2045 2207 2077 a
2225 2029 2365 2077 nobis

218 2127 320 2158 esse
355 2109 660 2169 faciendum3
697 2109 773 2157 vel
800 2126 900 2157 non
922 2110 1162 2159 dimittere
1184 2122 1383 2177 propter
1416 2112 1575 2177 ipsum
1612 2111 1750 2177 quod
1784 2110 2027 2159 credimus
2065 2125 2167 2156 esse
2204 2108 2366 2157 dimit-

216 2190 436 2239 tendum.
491 2193 615 2238 Cum
647 2190 809 2254 itaque
844 2201 1100 2256 peccatum
1134 2191 1399 2241 diffinimus
1447 2192 1758 2256 abnegative,
1797 2191 2010 2239 dicentes
2046 2188 2226 2237 scilicet
2264 2206 2364 2237 non

217 2272 388 2331 facere,
415 2270 492 2318 vel
525 2287 628 2318 non
653 2270 894 2319 dimittere
918 2272 1053 2336 quod
1076 2274 1324 2335 convenit,
1354 2283 1574 2339 patenter
1595 2271 1896 2321 ostendimus
1924 2269 2108 2318 nullam
2131 2286 2232 2317 esse
2253 2270 2367 2319 sub-

217 2352 442 2401 stantiam
466 2351 675 2416 peccati,
703 2351 837 2415 quod
863 2352 913 2399 in
937 2370 1038 2401 non
1063 2370 1164 2401 esse
1186 2354 1348 2419 potius
1371 2370 1519 2418 quam
1543 2370 1646 2401 esse
1668 2351 1908 2410 subsistat,
1933 2350 2065 2400 velut
2085 2350 2124 2397 si
2147 2349 2368 2399 tenebras

216 2431 509 2479 diffinienter
531 2430 746 2479 dicamus
774 2451 784 2479 :
811 2432 1090 2481 Absentiam
1111 2434 1231 2481 lucis
1253 2433 1337 2481 ubi
1358 2434 1442 2482 lux
1461 2433 1634 2482 habuit
1657 2450 1777 2482 esse.

282 2512 378 2561 Sed
408 2512 618 2560 fortassis
654 2513 842 2578 inquies
887 2515 1002 2578 quia
1032 2525 1078 2562 et
1107 2515 1332 2563 voluntas
1375 2514 1490 2562 mali
1537 2515 1696 2580 operis
1726 2521 1978 2580 peccatum
2021 2519 2109 2572 est,
2141 2527 2247 2576 quae
2276 2528 2367 2559 nos

218 2593 349 2660 apud
382 2595 540 2641 Deum
567 2609 676 2640 reos
711 2594 977 2655 constituit,
1015 2595 1138 2642 sicut
1165 2594 1391 2642 voluntas
1423 2594 1542 2642 boni
1571 2595 1729 2660 operis
1756 2594 1913 2658 justos
1941 2591 2052 2639 facit
2078 2608 2088 2636 :
2117 2599 2170 2637 ut
2198 2607 2367 2655 quem-

218 2673 486 2721 admodum
512 2673 663 2721 virtus
698 2674 748 2721 in
777 2673 911 2722 bona
935 2674 1201 2736 voluntate,
1231 2676 1296 2723 ita
1327 2685 1583 2741 peccatum
1605 2676 1654 2723 in
1685 2675 1812 2723 mala
1831 2673 2080 2722 voluntate
2112 2671 2362 2733 consistat3

218 2769 307 2800 nec
329 2754 379 2800 in
405 2769 504 2800 non
530 2770 631 2801 esse
653 2764 860 2816 tantum,
886 2771 1056 2803 verum
1084 2756 1229 2804 etiam
1252 2756 1302 2803 in
1327 2772 1429 2804 esse
1451 2756 1575 2804 sicut
1597 2764 1645 2803 et
1668 2755 1766 2803 illa.
1787 2750 2219 2813 Quemadmodum
2237 2751 2367 2799 enim

218 2833 426 2881 volendo
470 2833 626 2882 facere
661 2835 797 2900 quod
820 2834 925 2883 Deo
956 2835 1199 2884 credimus
1229 2836 1439 2902 placere,
1468 2837 1556 2901 ipsi
1584 2836 1855 2902 placemus3
1886 2834 1952 2882 ita
1974 2830 2188 2880 volendo
2214 2831 2370 2880 facere

222 2913 354 2976 quod
389 2917 492 2961 Deo
528 2915 771 2964 credimus
801 2916 1072 2982 displicere,
1103 2917 1195 2982 ipsi
1224 2916 1551 2982 displicemuS,
1587 2927 1635 2965 et
1658 2917 1818 2983 ipsum
1840 2913 2088 2963 offendere
2117 2913 2217 2960 sive
2249 2927 2369 2960 con·

222 3000 434 3040 temnere
456 2994 692 3043 videmur.

289 3071 383 3118 Sed
405 3072 515 3120 dico
540 3075 656 3138 quia
679 3077 718 3122 si
741 3074 999 3141 diligenter
1042 3079 1366 3137 attendamus,
1400 3080 1544 3142 longe
1571 3078 1708 3126 aliter
1735 3077 1795 3126 de
1827 3076 1924 3124 hoc
1946 3071 2254 3123 sentiendum
2275 3080 2363 3131 est,

221 3167 368 3216 quam
395 3152 628 3200 videatur.
663 3157 787 3202 Cum
815 3158 946 3204 enim
972 3175 1330 3223 nonnunquam
1355 3175 1628 3226 peccemus,
1660 3157 1840 3222 absque
1872 3155 2006 3203 omni
2039 3153 2166 3200 mala
2191 3148 2366 3198 volun-

222 3241 336 3293 tate,
367 3241 416 3279 et
446 3249 559 3280 cum
582 3234 686 3299 ipsa
714 3235 841 3283 mala
868 3237 1090 3286 voluntas
1121 3240 1391 3298 refraenata,
1418 3256 1520 3287 non
1544 3239 1774 3286 exstincta
1795 3235 2006 3302 palmam
2037 3229 2367 3281 resistentibus

220 3313 402 3377 pariat,
440 3323 487 3361 et
516 3315 767 3364 materiam
801 3334 998 3382 pugnae,
1032 3329 1079 3367 et
1114 3320 1272 3384 gloriae
1302 3336 1536 3368 coronam
1565 3318 1805 3377 conferat,
1845 3332 1946 3364 non
1978 3323 2079 3363 tam
2112 3313 2215 3379 ipsa
2251 3327 2366 3377 pec·
