2638 3866
262 163 361 214 796
1184 160 1492 210 APPENDIX.

267 287 287 306 «
309 267 432 309 aliter
446 264 655 326 sapientia
673 263 754 307 Dei
772 262 972 307 homines
991 262 1192 319 liberare,
1207 263 1290 306 nisi
1307 262 1534 306 hominem
1554 265 1784 324 susciperet
1797 275 1841 307 et
1852 275 2097 309 nasceretur
2113 264 2171 310 de
2190 266 2375 310 femina?
2394 285 2415 307 n

263 345 431 402 Quibus
461 343 805 405 respondemus:
834 362 852 381 «ι
873 342 1050 385 Poterat
1080 342 1284 398 omnino,
1315 342 1391 386 sed
1419 343 1454 386 si
1485 342 1612 387 aliter
1642 340 1823 400 faceret,
1847 343 2043 389 similiter
2059 357 2211 390 vestrae
2229 347 2418 391 stultitiae

269 444 288 462 α
312 422 571 481 displiceret.
590 441 610 459 »

325 500 369 543 Si
390 502 519 561 igitur
550 498 665 559 apud
687 499 791 542 istos
820 513 928 558 quos
955 497 1232 558 impudenter
1257 512 1328 542 me
1358 500 1557 559 persequi
1587 499 1833 543 declamasti
1855 500 2017 561 aliquid
2038 518 2168 547 sacrae
2190 502 2418 564 Scripturae

265 580 527 624 contrarium
559 579 818 639 reperimus,
849 594 927 622 cur
951 579 1118 623 miraris
1146 579 1192 621 in
1222 578 1346 622 dictis
1375 577 1648 639 tuissaliquid
1670 580 1928 641 reprehendi
1949 583 2154 642 potuisse,
2189 598 2288 626 cum
2308 594 2352 627 te
2372 583 2419 626 in

264 677 394 705 sacrae
414 661 641 720 Scripturae
663 659 908 703 eruditione
929 659 1204 703 manifestum
1228 659 1281 702 sit
1301 659 1546 703 nullatenus
1565 659 1811 704 laborasse?
1833 661 1946 705 Huic
1972 662 2088 706 enim
2110 662 2428 723 singularitati,-

265 757 396 800 quam
419 739 576 784 divinae
594 740 844 784 substantiae
862 739 1064 794 tribuisti,
1088 749 1334 782 sanctorum
1355 750 1529 799 patrum
1556 739 1791 796 Ambrosii,
1815 742 2063 802 Augustini,
2088 742 2242 786 Isidori
2262 744 2419 803 scripta

262 837 538 881 nequaquam
572 821 862 866 consentiunt.
886 821 996 875 Quae
1029 819 1210 863 conecta
1246 819 1348 863 ideo
1383 821 1591 878 subjicere
1626 820 1792 876 curavi,
1831 831 1881 864 ut
1911 837 2003 865 non
2038 838 2091 866 ex
2123 838 2222 867 mea
2257 823 2331 867 sed
2365 839 2417 868 ex

264 904 519 947 auctoritate
555 901 698 946 divina
735 901 854 961 quod
887 901 995 944 mihi
1042 900 1283 951 tenendum
1319 912 1383 944 est
1426 901 1673 944 roboretur.
1721 901 1877 945 Beatus
1916 902 2047 963 igitur
2083 903 2338 948 Ambrosius
2371 905 2418 947 in

260 983 375 1026 libro
404 983 457 1025 de
478 983 592 1026 Fide
634 982 691 1026 ad
724 983 979 1027 Gratianum
1009 981 1316 1041 imperatorem
1347 982 1407 1025 sic
1434 980 1655 1041 loquitur:
1684 1001 1703 1019 α
1723 981 1818 1042 Ego
1845 993 1888 1026 et
1923 993 2048 1043 pater
2073 999 2211 1027 unum
2254 1000 2416 1029 sumus.

258 1064 357 1107 Hoc
379 1063 498 1118 dicit,
521 1079 578 1107 ne
599 1063 861 1124 intelligatur
883 1063 1084 1106 discretio
1103 1063 1341 1122 potesta-tis.
1360 1082 1377 1100 w
1394 1062 1504 1105 Item
1530 1078 1540 1105 ι
1560 1082 1576 1099 α
1591 1062 1742 1105 Unum
1765 1077 1864 1106 cum
1880 1074 2006 1124 -patre
2028 1075 2073 1108 et
2095 1080 2231 1108 unum
2245 1066 2418 1108 aeterni·

260 1155 364 1197 tate,
401 1159 540 1187 unum
575 1143 813 1187 divinitate.
850 1144 952 1187 Non
988 1144 1105 1187 enim
1139 1154 1263 1203 pater
1283 1143 1374 1203 ipse
1409 1153 1472 1186 est
1494 1143 1568 1202 qui
1591 1141 1725 1198 filius,
1750 1158 1832 1185 nec
1862 1143 2089 1188 confusum
2116 1145 2237 1205 quod
2263 1161 2415 1200 unum,

261 1239 344 1267 nec
374 1224 600 1284 mltiplex
621 1223 740 1283 quod
762 1223 1030 1267 indifferens.
1064 1224 1236 1267 Etenim
1260 1223 1295 1265 si
1315 1223 1513 1265 omnium
1540 1222 1810 1266 credentium
1839 1235 1931 1267 erat
1953 1240 2029 1268 cor
2049 1241 2186 1268 unum
2208 1236 2253 1269 et
2275 1226 2419 1269 anima

260 1320 364 1359 una,
390 1306 425 1348 si
449 1305 590 1348 omnis
611 1304 687 1363 qui
709 1303 901 1348 adhaeret
924 1303 1104 1348 domino
1126 1319 1237 1346 unus
1259 1304 1430 1363 spiritus
1452 1314 1516 1346 est
1529 1336 1540 1358 ,
1573 1303 1650 1346 sed
1670 1304 1737 1347 vir
1759 1315 1803 1348 et
1825 1321 1935 1348 uxor
1962 1305 2008 1348 in
2029 1322 2118 1348 una
2138 1321 2267 1349 carne
2289 1316 2416 1361 sunt,

261 1385 297 1428 si
325 1400 476 1429 omnes
505 1385 724 1438 homines,
750 1395 958 1443 quantum
992 1384 1049 1428 ad
1078 1395 1279 1427 naturam
1300 1385 1512 1444 pertinet,
1549 1385 1675 1427 unius
1706 1385 1954 1429 substantiae
1976 1397 2091 1441 sunt,
2117 1386 2255 1430 multo
2282 1386 2419 1447 magis

259 1476 384 1526 pater
402 1477 446 1509 et
465 1464 577 1509 filius
600 1465 824 1509 divinitate
841 1481 979 1508 unum
1000 1475 1122 1519 sunt,
1145 1465 1223 1508 ubi
1251 1481 1333 1508 nec
1364 1466 1610 1509 substantiae
1639 1482 1721 1509 nec
1739 1466 1970 1510 voluntatis
2001 1467 2087 1510 ulla
2111 1478 2175 1511 est
2208 1466 2420 1511 differen-

259 1543 372 1589 tia.‘»
398 1547 509 1589 Item
536 1562 547 1589 ι
570 1566 587 1584 α
613 1546 715 1588 Non
738 1556 801 1589 est
822 1545 988 1589 diversa
1007 1562 1090 1589 nec
1110 1545 1334 1606 singularis
1355 1545 1588 1605 aequalitas,
1614 1547 1712 1605 quia
1738 1548 1912 1607 aequalis
1934 1563 2065 1591 nemo
2090 1549 2181 1609 ipse
2203 1548 2284 1591 sibi
2306 1547 2421 1592 solus

260 1637 340 1671 est.
358 1627 499 1669 »Item
518 1641 531 1669 t
552 1646 570 1663 «ι
586 1626 701 1669 Deus
715 1637 779 1669 est
799 1642 961 1669 nomen
983 1641 1213 1669 commune
1233 1627 1345 1686 patri
1369 1637 1413 1670 et
1433 1626 1538 1670 filio.
1560 1628 1701 1670 »Item
1721 1643 1731 1670 :
1756 1648 1773 1666 «
1788 1629 2063 1671 Inearnatum
2085 1639 2254 1688 patrem
2275 1627 2422 1672 Sabel-

259 1707 374 1750 liana
384 1707 604 1766 impietate
628 1717 816 1751 astruere
837 1707 1048 1749 nituntur.
1066 1727 1084 1745 n
1097 1708 1230 1749 Item:
1249 1706 1411 1761 «Quod
1432 1708 1558 1750 unius
1581 1718 1645 1751 est
1666 1707 1913 1751 substantiae
1935 1709 2124 1768 separari
2143 1724 2234 1752 non
2254 1719 2419 1768 potest,

260 1787 339 1830 etsi
372 1803 461 1829 non
497 1786 550 1829 sit
581 1786 884 1845 singularitatis
912 1786 989 1829 sed
1028 1787 1218 1829 unitatis.
1254 1786 1534 1846 Singularitas
1561 1799 1625 1830 est
1655 1789 1742 1831 sive
1768 1789 1881 1848 patri
1905 1789 1992 1832 sive
2024 1788 2113 1831 filio
2141 1789 2230 1831 sive
2259 1789 2423 1848 spiritui

259 1877 409 1911 sancto
432 1866 656 1927 derogare.
678 1888 698 1905 ι»
725 1867 858 1910 Item:
876 1886 895 1903 «
913 1866 1015 1909 Non
1035 1882 1148 1909 unus
1169 1866 1245 1909 sed
1267 1872 1403 1909 unum
1414 1878 1514 1909 sunt
1533 1878 1658 1927 pater
1678 1879 1722 1910 et
1743 1868 1896 1911 filius.»
1913 1849 2047 1911 Item:
2068 1889 2086 1906 α
2100 1870 2196 1911 Una
2219 1869 2419 1928 dignitas,

257 1963 346 1990 una
371 1946 530 2006 gloria3
554 1948 600 1989 i1
627 1962 860 1990 commune
897 1946 1129 2006 derogatur
1162 1946 1370 2006 quicquid
1397 1947 1444 1989 in
1475 1947 1618 2006 aliquo
1640 1948 1856 2007 putaveris
1881 1947 2151 2008 derogatum.
2174 1968 2192 1986 ι»
2218 1948 2422 2008 Augusti-

258 2043 339 2070 nus
383 2028 429 2070 in
466 2027 580 2070 libro
603 2027 657 2070 de
698 2027 918 2069 Trinitate
943 2042 958 2068 .·
987 2046 1005 2064 «
1037 2026 1124 2081 Qui
1158 2023 1298 2086 putat'
1316 2028 1407 2084 ejus
1437 2042 1528 2070 esse
1563 2028 1703 2070 Deum
1739 2028 1970 2087 potentiae,
2003 2038 2053 2070 ut
2086 2042 2129 2070 se
2161 2028 2302 2087 ipsum
2329 2029 2420 2088 ipse

258 2108 475 2169 genuerit,
512 2123 566 2150 eo
595 2107 784 2151 deterius
807 2118 921 2150 errat
935 2140 946 2161 ,
979 2105 1098 2166 quod
1125 2122 1217 2149 non
1251 2107 1342 2167 ipse
1370 2107 1485 2151 solus
1518 2107 1614 2150 talis
1646 2123 1737 2151 non
1769 2119 1858 2163 est,
1893 2107 1970 2151 sed
1997 2122 2079 2151 nec
2111 2106 2198 2150 ulla
2226 2119 2422 2153 creatura

258 2188 487 2248 spiritualis
515 2203 656 2247 neque
689 2187 940 2247 corporalis.
976 2186 1107 2230 Nulla
1136 2187 1253 2230 enim
1283 2188 1428 2230 anima
1458 2203 1526 2231 res
1563 2198 1648 2242 est,
1673 2203 1772 2246 quae
1793 2203 1839 2231 se
1871 2188 2008 2248 ipsam
2043 2189 2206 2248 gignat.
2229 2209 2248 2227 »
2269 2190 2381 2233 Item
2406 2205 2417 2234 z

262 2290 281 2308 «
311 2269 434 2311 Circa
455 2279 695 2312 creaturam
716 2279 1045 2327 susceptumque
1067 2267 1267 2310 habitum
1295 2269 1495 2329 occupati
1519 2268 1808 2328 aequalitatem
1829 2284 1959 2328 quam
1990 2284 2091 2312 cum
2118 2279 2241 2328 patre
2277 2269 2420 2314 habeo

259 2364 350 2392 non
366 2349 615 2409 intelligitis.
630 2349 772 2392 »Item
790 2363 800 2391 ε
822 2368 841 2386 «
857 2349 1173 2392 Convenienter
1197 2348 1378 2392 dicimus
1390 2349 1511 2392 illum
1531 2350 1606 2408 qui
1626 2349 1672 2391 in
1688 2363 1816 2391 carne
1836 2349 2035 2408 apparuit
2055 2350 2421 2406 missum,misisse

260 2440 405 2472 autem
425 2428 546 2471 illum
569 2429 643 2488 qui
665 2445 756 2472 non
779 2429 991 2489 apparuit.
1008 2451 1028 2467 »
1044 2430 1178 2473 Item:
1198 2450 1216 2467 «
1232 2430 1362 2473 Pater
1380 2422 1471 2473 'non
1490 2428 1657 2487 judicat
1677 2444 1954 2489 quemquam,
1967 2429 2043 2472 sed
2063 2446 2193 2474 omne
2209 2430 2421 2488 judicium

262 2508 383 2552 dedit
416 2509 527 2566 filio,
560 2525 611 2552 ac
630 2510 666 2553 si
688 2509 873 2564 diceret,
897 2510 1073 2553 Patrem
1104 2526 1237 2554 nemo
1269 2510 1438 2554 videbit
1458 2511 1505 2552 in
1534 2509 1699 2567 judicio
1714 2541 1726 2563 ,
1757 2509 1834 2552 sed
1856 2525 2006 2552 omnes
2033 2509 2169 2553 filium
2190 2510 2417 2565 videbunt,

260 2601 310 2632 ut
329 2591 463 2650 possit
484 2601 528 2634 et
550 2590 604 2633 ab
627 2590 768 2651 impiis
786 2590 941 2634 videri.
956 2611 976 2630 »ι
995 2592 1130 2634 Item:
1152 2611 1172 2629 «
1189 2592 1296 2634 Tres
1315 2592 1395 2634 visi
1417 2601 1535 2644 sunt,
1560 2606 1642 2634 nec
1664 2591 1889 2650 quisquam
1908 2590 2081 2634 illorum
2098 2590 2168 2634 vel
2189 2591 2329 2635 forma
2350 2592 2420 2636 vel

263 2682 386 2714 aetate
405 2672 473 2715 vel
505 2682 716 2731 potestate
739 2673 877 2728 major
900 2672 1052 2716 ceteris
1069 2672 1184 2715 visus
1212 2682 1292 2715 est.
1317 2692 1337 2711 »
1356 2674 1467 2716 Item
1491 2688 1505 2716 t,
1535 2692 1554 2710 α
1571 2673 1681 2715 Cum
1716 2673 1942 2732 quaeritur,
1980 2671 2084 2731 quid
2118 2672 2231 2715 tres?
2262 2688 2420 2733 magna

260 2767 433 2811 prorsus
449 2752 595 2812 inopia
615 2753 855 2795 humanum
873 2753 1044 2796 laborat
1063 2752 1303 2813 ingenium.
1326 2753 1500 2796 Dictum
1516 2763 1581 2798 est
1604 2763 1749 2796 autem
1772 2769 1782 2795 :
1799 2754 1905 2796 Tres
1926 2768 2138 2812 personae,
2162 2768 2218 2796 ne
2240 2753 2419 2796 omnino

259 2841 489 2876 taceretur.
507 2853 527 2871 ι»
544 2833 655 2875 Item
671 2848 681 2876 z
698 2853 717 2870 «ι
728 2833 914 2876 Trinitas
930 2832 1040 2876 filius
1052 2832 1174 2875 nullo
1195 2832 1333 2875 modo
1349 2832 1434 2876 dici
1446 2845 1606 2894 potest.
1623 2854 1643 2873 »
1655 2835 1787 2877 Item:
1803 2853 1822 2870 «
1842 2833 1989 2876 Potest
2009 2833 2303 2876 universaliter
2315 2832 2415 2887 dici,

264 2911 383 2971 quod
411 2923 453 2955 et
480 2922 604 2972 patet·
631 2913 800 2972 spiritus
823 2923 866 2956 et
886 2912 996 2956 filius
1017 2912 1205 2973 spiritus,
1238 2923 1281 2955 et
1300 2923 1426 2973 pater
1447 2925 1618 2958 sanctus
1646 2925 1689 2957 et
1709 2912 1820 2956 filius
1842 2924 2027 2957 sanctus.
2049 2913 2094 2956 Si
2122 2914 2266 2973 itaque
2297 2924 2419 2973 pater

265 3002 310 3035 et
329 2992 438 3035 filius
462 3004 526 3036 est
547 2994 716 3052 spiritus
735 3004 926 3049 sanctus,
949 3004 1092 3053 potest
1113 2993 1318 3053 appellari
1349 2995 1516 3038 trinitas
1543 2996 1715 3055 spiritus
1747 3005 1932 3037 sanctus.
1957 2994 2044 3037 Sed
2066 3004 2213 3037 tamen
2232 2993 2304 3036 ille
2325 2994 2415 3053 spi-

263 3072 370 3116 ritus
404 3083 588 3123 sanctus,
626 3075 700 3132 qui
734 3089 824 3117 non
856 3075 1046 3127 trinitas,
1069 3073 1145 3117 sed
1168 3074 1215 3116 in
1241 3075 1431 3119 trinitate
1456 3075 1723 3136 intelligitur,
1751 3075 1796 3117 in
1827 3090 1883 3118 eo
1910 3073 2028 3134 quod
2057 3074 2231 3133 proprie
2262 3073 2416 3116 dicitur

263 3153 433 3213 spiritus
464 3163 654 3205 sanctus,
689 3153 867 3197 relative
897 3149 1069 3207 dicitur,
1102 3163 1146 3197 et
1174 3153 1231 3196 ad
1256 3165 1425 3213 patrem
1453 3166 1502 3199 et·
1527 3155 1663 3199 filium
1693 3154 1893 3206 refertur,
1926 3154 2027 3214 quia
2056 3153 2227 3212 spiritus
2247 3164 2416 3199 sanctus

264 3244 308 3276 et
329 3233 461 3293 patris
485 3243 529 3276 et
549 3232 625 3275 filii
646 3244 710 3276 est
731 3233 924 3293 spiritus;
947 3232 1023 3276 sed
1044 3233 1140 3277 talis
1159 3233 1312 3276 relatio
1332 3235 1378 3277 in
1397 3236 1484 3279 hoc
1504 3235 1683 3279 nomine
1702 3251 1793 3278 non
1817 3245 2008 3295 apparet.
2023 3254 2043 3272 ι»
2057 3233 2191 3276 Item:
2208 3254 2225 3271 ‹-
2243 3234 2415 3277 Dictum
