2638 3866
251 228 303 275 74
317 227 346 274 6
1070 223 1231 269 PETRI
1265 220 1574 269 ABAELARDI

250 344 395 374 manu
421 326 613 392 propria
636 325 791 390 spicas
817 333 1024 370 maturas
1044 323 1311 389 exindeque
1335 340 1481 388 grana
1505 323 1661 371 elicita
1685 339 1770 389 per
1792 340 1842 371 se
1862 322 2156 386 manducant
2177 335 2225 372 et
2247 342 2385 391 expe-

250 407 418 454 riendo
448 405 683 471 probant,
712 404 759 450 in
786 403 1048 450 scolaribus
1071 404 1162 451 illis
1184 404 1417 451 exercitiis
1450 403 1807 467 diligentissime
1837 404 2016 452 laetatos
2045 421 2145 451 non
2171 404 2386 453 invenire

248 503 468 551 saporem
493 485 751 550 sapientiae,
776 484 866 530 nisi
889 493 999 549 post
1022 494 1212 550 tempus
1234 484 1564 532 ablactationis
1589 501 1699 532 suae.
1729 484 1851 531 Hinc
1873 493 1960 544 est,
1987 484 2121 548 quod
2147 484 2386 532 Abraham

247 565 515 631 patriarcha
540 564 719 629 grande
749 565 920 629 legitur
946 564 1109 612 fecisse
1132 565 1411 612 convivium
1440 565 1489 611 in
1514 564 1592 611 die
1624 563 1952 612 ablactationis
1980 568 2124 626 Isaac,
2157 565 2386 612 nimirum

246 646 556 710 congaudens
585 656 786 711 paterno
818 645 1008 705 affectu,
1044 636 1338 710 profectibus
1363 645 1481 693 tanti
1506 644 1605 692 filii.
1634 648 1743 703 Quo
1769 656 1939 692 contra
1959 645 2173 710 ploratus
2204 655 2251 692 et
2277 645 2386 692 ulu-

245 726 365 774 latus
389 727 566 773 multus
598 736 668 773 est
705 725 866 773 Raheli
891 725 1097 791 ploranti
1123 725 1246 773 filios
1268 742 1381 773 suos
1403 735 1514 773 ante
1537 725 1869 773 ablactationis
1890 735 2081 791 tempus
2112 725 2171 772 ab
2194 725 2384 773 Herode

245 808 446 854 occisos.
489 810 552 853 Ac
576 816 678 853 tum
704 806 884 872 plangit
906 805 1102 853 ecclesia
1135 816 1181 854 et
1213 823 1314 853 non
1340 806 1443 853 vult
1465 806 1734 865 consolari,
1763 806 1874 870 quia
1900 823 2000 853 non
2033 815 2143 853 sunt
2165 805 2386 854 ablactati

243 888 345 951 ejus
364 887 428 934 illi
446 887 600 952 pueri,
619 904 742 951 quos
763 887 966 934 trucidat
986 886 1170 951 gladius
1191 887 1462 934 Antichristi
1485 903 1574 952 pro
1596 903 1674 946 eo,
1696 886 1829 951 quod
1854 895 1966 934 sunt
1985 886 2107 934 infra
2127 887 2380 948 bimatum,

244 985 344 1015 non
381 968 664 1032 attingentes
697 967 758 1015 ad
784 968 983 1032 geminae
1008 967 1327 1031 intelligentiae
1356 977 1404 1015 et
1427 967 1718 1032 operationis
1752 967 1977 1014 fructum.
2015 968 2091 1014 Me
2127 966 2379 1015 miserum!

246 1054 337 1098 Pro
363 1061 481 1115 quot
504 1050 715 1117 parvulis
742 1051 807 1098 ita
837 1051 958 1098 mihi
982 1050 1191 1117 abreptis
1224 1068 1314 1115 ego
1348 1051 1538 1117 plorare
1563 1050 1745 1111 habeo,
1773 1051 1886 1115 quia
1921 1067 2004 1098 eos
2027 1060 2135 1115 post
2163 1051 2387 1098 exercitia

241 1131 477 1180 scholaria
499 1132 640 1179 video
666 1131 741 1179 vel
771 1131 977 1197 tepuisse
1004 1133 1053 1178 in
1077 1149 1272 1179 sensum
1300 1132 1535 1197 puerilem
1557 1140 1603 1178 et
1626 1131 1900 1193 animalem,
1930 1131 2014 1196 qui
2036 1147 2135 1178 non
2161 1131 2380 1196 percipit,

241 1230 345 1276 quae
369 1223 478 1260 sunt
504 1213 696 1278 spiritus
727 1213 840 1273 Dei,
863 1213 939 1260 vel
963 1213 1164 1260 omnino
1192 1213 1403 1277 friguisse
1426 1213 1475 1259 in
1498 1211 1761 1277 reprobum
1796 1229 2005 1268 sensum,
2034 1221 2085 1259 ut
2106 1229 2203 1259 non
2228 1212 2385 1259 solum

241 1293 445 1354 faciant,
483 1309 588 1357 quae
617 1311 716 1342 non
751 1294 1047 1341 conveniunt
1078 1310 1247 1340 eorum
1274 1293 1587 1359 professioni,
1625 1292 1710 1340 sed
1745 1293 1889 1340 etiam
1923 1302 2271 1358 persequantur
2307 1309 2382 1354 ea,

239 1390 344 1438 quae
368 1384 479 1421 sunt
504 1375 694 1440 spiritus
719 1375 823 1421 Dei.
853 1378 922 1421 Tu
944 1384 1124 1436 autem,
1148 1373 1216 1421 fili
1240 1374 1569 1434 dilectissime,
1598 1384 1651 1421 ut
1672 1390 1813 1440 spero
1837 1374 1884 1420 in
1911 1373 1999 1421 Dei
2021 1373 2349 1421 misericordia
2367 1411 2379 1435 ,

239 1454 462 1519 proficies
490 1454 637 1503 etiam
672 1456 796 1503 ultra
829 1455 1066 1502 bimatum
1105 1472 1255 1520 usque
1286 1455 1409 1502 adeo
1444 1465 1498 1502 ut
1533 1454 1792 1503 formidare
1826 1471 1925 1501 non
1961 1453 2139 1501 habeas
2171 1454 2382 1518 gladium

240 1535 530 1598 Antichristi,
559 1537 640 1601 qui
667 1547 737 1583 est
758 1536 1093 1583 haereticorum
1116 1553 1200 1583 seu
1224 1536 1454 1584 falsorum
1480 1536 1680 1584 fratrum
1707 1553 1866 1584 sermo
1890 1535 2102 1583 dolosus.
2132 1536 2229 1583 Nisi
2252 1536 2381 1583 enim

236 1616 302 1662 sic
321 1616 597 1681 proficeres,
624 1618 714 1664 nisi
735 1616 999 1664 ablactatus
1013 1617 1114 1680 Jam
1132 1617 1341 1664 solidum
1362 1617 1525 1665 cibum
1549 1617 1859 1665 vehementer
1881 1617 2085 1664 esurires
2107 1616 2168 1663 de
2191 1633 2382 1664 summo

236 1694 390 1754 bono,
420 1697 542 1743 sicut
564 1698 781 1761 inquiris,
812 1714 912 1743 non
941 1697 1225 1760 inquireres.
1256 1698 1454 1745 Occasio
1481 1715 1597 1746 vero
1619 1697 1818 1762 hujusce
1838 1696 2163 1762 inquisitionis
2188 1696 2380 1757 exinde,

238 1785 290 1823 ut
324 1776 459 1838 dicis,
491 1776 662 1824 oborta
698 1787 768 1823 est
800 1776 910 1836 tibi,
939 1776 1073 1841 quod
1102 1776 1262 1841 legens
1286 1777 1534 1842 dialogum
1565 1777 1654 1824 sub
1687 1777 2035 1842 disceptatione
2065 1776 2309 1825 christiani
2336 1787 2382 1825 et

230 1857 377 1920 judaei
412 1866 556 1921 atque
581 1854 860 1922 philosophi
883 1872 911 1903 a
935 1857 1159 1920 magistro
1190 1860 1328 1904 Petro
1352 1857 1591 1921 digestum
1616 1857 1676 1904 de
1699 1874 1890 1904 summo
1914 1857 2049 1903 bono
2075 1857 2171 1904 illic
2195 1858 2380 1905 invenis

234 1937 415 2001 aliquid
450 1938 809 2001 investigatum,
836 1936 921 1984 sed
945 1953 1045 1983 non
1072 1938 1183 1984 satis
1206 1937 1497 1984 elucidatum
1515 1974 1527 1998 ,
1554 1936 1671 2001 quid
1695 1937 1755 1984 sit
1777 1937 1853 1984 vel
1879 1936 1960 1984 ubi
1985 1937 2043 1983 sit
2065 1938 2224 2002 ipsum
2247 1954 2380 1985 sum-

235 2034 369 2064 mum
391 2017 596 2079 bonum,
620 2034 774 2082 quave
806 2017 868 2065 ad
900 2016 1017 2070 illud
1039 2017 1114 2064 via
1148 2018 1208 2064 sit
1236 2018 1494 2065 rectissime
1519 2016 1851 2081 gradiendum.
1881 2016 2090 2064 Proinde
2121 2018 2187 2064 sic
2219 2019 2380 2084 accipe

233 2097 361 2144 istud
397 2097 685 2163 opusculum
721 2097 782 2145 de
813 2097 1122 2162 inquisitione
1151 2097 1328 2144 summi
1355 2096 1471 2144 honi
1504 2097 1830 2158 intitulatum,
1865 2106 1917 2142 ut
1949 2097 1989 2143 si
2017 2097 2133 2161 quid
2167 2097 2287 2145 boni
2320 2098 2381 2147 de

232 2176 328 2224 hoc
359 2177 493 2225 bono
526 2178 763 2225 inveneris
796 2178 1005 2235 dictum,
1042 2177 1103 2224 de
1128 2177 1222 2225 hoc
1248 2178 1353 2242 ipso
1388 2178 1524 2225 bono
1555 2177 1685 2225 unde
1722 2178 1905 2241 agimus
1941 2193 2041 2223 non
2079 2177 2268 2226 dubites
2299 2190 2380 2227 aut

233 2258 429 2306 stillasse
458 2260 496 2306 si
529 2275 700 2324 parum
730 2268 829 2321 est,
867 2268 948 2306 aut
979 2275 1250 2319 emanasse,
1283 2259 1323 2306 si
1355 2259 1465 2306 satis
1492 2269 1578 2306 est.
1613 2259 1734 2306 Satis
1769 2258 1899 2320 dico,
1932 2275 2033 2306 non
2057 2269 2293 2324 quantum
2317 2261 2380 2308 ad

234 2340 319 2400 rei,
345 2357 450 2404 quae
474 2349 707 2398 versatur,
735 2340 1117 2399 aestimationem,
1145 2339 1230 2386 sed
1253 2349 1488 2404 quantum
1515 2339 1576 2387 ad
1590 2339 1788 2404 legentis
1811 2349 1858 2386 et
1879 2340 2164 2404 inquirentis
2187 2341 2370 2388 esuriri.

236 2422 355 2467 Nam
378 2437 453 2467 res
476 2420 577 2484 ipsa
601 2430 669 2467 est
692 2418 946 2467 ineffabilis
982 2419 1042 2466 de
1073 2435 1171 2484 qua
1201 2419 1288 2467 fari
1320 2429 1566 2485 utcunque
1594 2420 1836 2485 gestimus,
1871 2429 2016 2484 prout
2050 2420 2151 2485 ipsa
2179 2421 2376 2484 juvante

234 2500 516 2564 poterimus.
1991 2517 1993 2520 ⁴
2039 2500 2045 2506 ’
2104 2502 2107 2505 ’

304 2602 327 2624 «
354 2584 493 2628 Lecta
515 2590 586 2627 sat
609 2581 781 2628 eximia
799 2597 1006 2646 praesens
1025 2581 1127 2628 haec
1152 2581 1459 2647 philosophia

298 2662 539 2708 Doctrinae
563 2661 797 2727 triplicem
815 2662 966 2708 cuivis
988 2661 1231 2727 praestabit
1253 2662 1535 2709 honorem'.
1562 2682 1585 2704 υ

298 2768 363 2778 —
381 2745 532 2788 Puto²
567 2752 752 2804 autem,
785 2743 825 2789 si
849 2742 1136 2807 opusculum
1171 2743 1422 2806 Augustini
1450 2742 1511 2790 de
1535 2758 1726 2789 summo
1757 2740 1892 2788 bono
1925 2741 2217 2790 intitulatum
2247 2743 2374 2793 bene

234 2823 544 2886 perspexeris,
571 2822 666 2870 illic
684 2822 992 2870 abundanter
1013 2823 1275 2885 instrueriS,
1301 2821 1403 2871 esse
1426 2822 1544 2870 illud
1574 2839 1818 2870 summum
1839 2822 2029 2869 bonum
2050 2822 2108 2870 ex
2139 2840 2257 2888 quo,
2287 2832 2375 2890 per

235 2901 391 2965 quod,
417 2904 466 2948 in
496 2919 594 2967 quo
618 2913 730 2950 sunt
749 2904 912 2951 omnia
935 2903 1066 2951 bona
1089 2920 1278 2968 magna,
1308 2904 1467 2951 media
1490 2913 1539 2951 et
1563 2904 1780 2965 minima,
1807 2913 1856 2951 et
1878 2903 2036 2968 ipsum
2053 2902 2155 2952 Ttale
2194 2914 2288 2966 est,
2322 2916 2373 2953 ut

233 2980 353 3028 nihil
389 2982 555 3028 melius
589 2984 784 3047 cogitari
815 2984 992 3049 possit,
1028 2985 1179 3031 immo
1216 2984 1385 3031 melius
1406 2984 1488 3032 ¹est
1521 3000 1668 3049 quam
1697 2983 1759 3031 ab
1797 2984 1892 3032 ulla
1926 2993 2143 3031 creatura
2172 2986 2370 3049 cogitari

234 3061 400 3125 possit.
445 3061 542 3108 Nisi
582 3063 712 3109 enim
744 3064 1102 3113 transcenderet
1140 3081 1338 3112 omnem
1375 3074 1472 3111 tam
1510 3064 1792 3128 angelorum
1838 3081 1983 3130 quam
2022 3074 2070 3112 et
2113 3064 2365 3112 hominum

276 3205 387 3238 ¹Bene
411 3211 523 3238 monet
548 3206 697 3238 Denisius
725 3208 747 3239 l.
774 3208 797 3240 1.
820 3209 881 3240 hoc
900 3209 1063 3241 distichon
1085 3211 1205 3242 rectius
1221 3211 1263 3243 ad
1334 3210 1441 3242 detur.
1468 3227 1507 3233 -
1529 3210 1702 3243 'Exci-atio
1727 3211 1904 3251 insequens
1925 3211 1959 3241 in
1981 3209 2063 3242 Cod.
2090 3209 2165 3241 Mss.
2196 3211 2238 3242 ab
2262 3211 2364 3244 aliena

232 3261 353 3293 calcem
387 3259 509 3299 Dialogi
541 3259 712 3292 locandum
742 3261 841 3293 ruisse
870 3271 878 3293 :
909 3261 979 3294 Vox
1013 3274 1030 3291 α
1057 3264 1215 3302 triplicem
1244 3276 1262 3292 x»
1334 3272 1432 3296 mauu
1448 3264 1608 3305 ejusdem,
1628 3268 1664 3296 ut
1682 3265 1827 3305 videtur,
1846 3264 1965 3305 aetatis,
1984 3265 2168 3305 conscripta
2186 3269 2246 3298 est.

231 3315 318 3346 enim
339 3314 380 3346 ad
410 3315 590 3346 doctrinam
613 3314 712 3346 trium
732 3315 1020 3356 interloquentium
1046 3316 1190 3349 alludere
1214 3318 1262 3349 vi-
