2638 3866
1131 177 1451 227 APPEme.
2268 186 2364 236 785

210 271 361 315 lierem
394 287 484 315 non
520 283 719 333 tangere,
756 268 921 318 malum
953 285 1018 319 est
1051 290 1154 336 ergo
1191 287 1384 337 tingere.
1421 277 1539 321 Nihil
1572 279 1691 323 enim
1727 279 1847 325 bono
1883 283 2268 328 contradictorium
2303 297 2365 330 est

210 362 369 412 praeter
397 353 578 397 malum.
600 375 619 391 ‚.
649 354 964 415 Argumentum
995 356 1080 399 hoc
1108 355 1186 400 scit
1206 372 1296 401 esse
1329 356 1552 412 frivolum,
1577 360 1766 420 quisquis
1794 360 2042 423 disputandi
2078 363 2299 425 disciplina
2320 381 2366 410 se

211 430 437 491 profitetur
467 431 696 476 imbutum.
733 430 846 475 Nam
876 432 1068 477 similiter
1104 434 1272 479 bonum
1305 449 1370 481 est
1401 439 1576 483 carnem
1606 457 1695 484 non
1731 442 1982 498 comedere,
2023 455 2067 488 et
2094 444 2243 489 vinum
2277 460 2365 489 non

210 509 362 555 bibere
389 527 399 555 z
428 527 508 556 nec
537 512 639 556 ideo
671 511 861 572 sequitur
880 513 999 572 quod
1028 514 1080 558 sit
1109 516 1271 560 malum
1303 533 1477 562 carnem
1499 519 1745 577 comedere,
1783 535 1826 566 et
1854 523 2002 567 vinum
2028 516 2194 569 bibere.
2231 524 2364 581 Quod

208 584 387 651 quidam
425 604 661 637 asserentes
697 592 811 636 inter
845 594 1070 639 haereticos
1102 598 1262 658 recepti
1305 610 1420 643 sunt.
1456 600 1542 644 Sed
1575 612 1719 645 tamen
1754 602 1970 665 paulisper
2002 605 2279 661 concedatur,
2316 617 2365 650 ut

207 674 372 717 malum
391 675 460 729 sit,
480 675 605 732 juxta
633 674 973 735 Hieronymum,
998 677 1223 722 mulierem
1253 690 1446 740 tangere.
1487 682 1551 725 Ex
1581 697 1669 741 quo
1701 694 1862 742 quanta
1893 696 2095 744 sequatur
2127 682 2365 730 absurditas

207 770 343 797 nexus
370 754 459 815 ipse
491 754 669 798 rationis
692 755 896 799 ostendit.
921 757 1035 801 Nam
1057 758 1091 801 si
1122 759 1285 803 malum
1307 772 1372 805 est
1391 761 1618 806 mulierem
1647 774 1845 824 tangere,
1870 765 2032 809 malum
2055 777 2119 809 est
2139 781 2237 810 cum
2260 783 2363 811 mu-

205 833 309 878 liere
332 835 464 880 coire.
499 836 653 895 Neque
676 836 789 879 enim
813 847 970 896 potest·
985 838 1077 882 fieri
1106 850 1155 882 ut
1175 839 1317 884 bonus
1338 841 1391 884 sit
1409 843 1561 900 coitus,
1587 843 1620 887 si
1643 843 1780 887 malus
1799 855 1864 888 est
1893 856 2045 889 tactus.
2071 847 2126 889 Et
2146 847 2181 890 si
2202 840 2363 891 malum

206 926 271 959 est
300 931 400 959 cum
431 900 610 960 muliere
633 917 774 973 coire,
798 918 962 961 malum
985 919 1073 979 agit
1105 919 1293 979 quisquis
1320 935 1419 964 cum
1453 922 1633 966 muliere
1663 923 1765 967 coit.
1792 924 1978 968 Peccant
2009 941 2112 986 ergo
2147 928 2365 987 conjugati

205 995 394 1058 legitime
424 997 590 1041 utendo
617 998 734 1072 coitu
764 999 994 1059 conjugali.
1020 1000 1136 1043 Nam
1157 1000 1287 1044 etiam
1319 1002 1520 1046 coeundo
1542 1003 1766 1047 mulieiem
1790 1015 1986 1066 tangunt.
2020 1006 2153 1066 Igitur
2183 1017 2230 1049 ut
2251 1006 2363 1050 male

206 1089 297 1117 non
327 1086 458 1135 agant
481 1075 648 1130 mariti,
691 1076 959 1120 feriabuntur
993 1077 1048 1120 ab
1086 1077 1309 1122 uxoribus.
1345 1080 1433 1122 Aut
1470 1080 1504 1122 si
1542 1096 1715 1124 necesse
1742 1081 1823 1124 erit
1856 1082 1992 1137 coire,
2027 1082 2087 1126 ita
2125 1094 2282 1127 coeant
2316 1095 2365 1127 ut

205 1154 432 1199 mulierem
453 1173 544 1200 non
565 1168 761 1219 tangant.
786 1158 872 1202 Sed
892 1159 978 1202 hoc
990 1158 1252 1219 impossibile
1266 1170 1331 1203 est
1351 1159 1457 1203 fieri.
1475 1161 1674 1220 Sequitur
1688 1178 1791 1223 ergo
1811 1163 2043 1224 conjugalis
2058 1164 2160 1206 boni
2184 1164 2362 1208 naufra-

205 1236 347 1296 gium,
373 1237 494 1297 quod
517 1238 574 1282 ad
601 1238 843 1282 remedium
870 1239 1061 1283 mortalis
1081 1240 1262 1283 luxuriae
1284 1256 1469 1300 superna
1491 1242 1701 1286 industria
1720 1245 1991 1303 praeparavit.
2018 1244 2130 1287 Nam
2152 1245 2184 1287 si
2207 1246 2362 1302 conju-

203 1316 323 1376 gium
344 1318 507 1361 coitum
528 1335 618 1362 non
648 1331 844 1375 excusat,
871 1332 973 1363 eant
994 1321 1152 1375 mariti,
1177 1321 1371 1364 certatim
1399 1334 1529 1382 agant
1548 1323 1868 1382 poenitentiam,
1895 1340 1948 1367 eo
1977 1324 2096 1384 quod
2120 1340 2219 1368 cum
2248 1341 2361 1368 uxo-

202 1397 321 1441 ribus
350 1399 436 1442 suis
464 1399 694 1459 aliquando
717 1401 927 1444 coierunt.
962 1401 1078 1444 Alias
1109 1401 1154 1444 in
1183 1401 1342 1445 eodem
1369 1401 1481 1445 libro
1516 1403 1805 1463 Hieronymus
1833 1404 2105 1448 inhumanius
2126 1404 2180 1448 de
2204 1405 2361 1465 nuptiis

204 1478 393 1539 disputat
408 1496 536 1540 super
556 1480 679 1524 illum
706 1481 902 1542 Apostoli
921 1481 1090 1525 locum¹
1110 1497 1119 1525 ε
1150 1503 1167 1520 α
1185 1482 1341 1526 Melius
1371 1483 1535 1527 nubere
1550 1516 1561 1538 ,
1592 1500 1721 1543 quam
1750 1484 1831 1528 uri.
1856 1505 1873 1522 ν
1908 1505 1926 1522 κ
1951 1485 2035 1528 Sed
2058 1485 2091 1528 si
2112 1485 2277 1528 bonum
2297 1496 2361 1528 est

203 1559 392 1615 nubere,
418 1576 550 1620 quare
574 1562 691 1605 malo
713 1562 1014 1622 comparatur?
1038 1562 1179 1606 Nemo
1212 1563 1327 1606 enim
1349 1564 1517 1607 ratione
1546 1563 1712 1606 malum
1734 1565 1854 1607 bono
1877 1576 2113 1625 comparat.
2139 1565 2215 1608 Uri
2243 1577 2358 1609 certe

200 1640 365 1684 malum
386 1652 465 1696 est,
492 1653 535 1685 et
565 1643 730 1687 nubere
751 1643 854 1686 mali
874 1645 1000 1701 hujus
1020 1656 1217 1705 respectu
1240 1645 1407 1687 bonum
1430 1656 1507 1689 est.
1532 1645 1664 1700 Quod
1687 1656 1831 1688 autem
1851 1657 2048 1708 respectu
2070 1646 2173 1689 mali
2195 1647 2362 1690 bonum

202 1721 280 1776 sit,
310 1722 558 1783 simpliciter
591 1724 760 1767 honum
791 1740 883 1768 non
917 1735 1023 1768 est.›
1022 1726 1124 1768 »Ex
1152 1726 1220 1769 his
1247 1725 1522 1785 Hieronymi
1530 1725 1672 1768 verbis
1696 1725 1891 1770 distincte
1920 1726 2157 1787 colligimus
2187 1728 2356 1788 nuptias

200 1818 292 1846 non
320 1818 410 1846 esse
440 1804 635 1847 absolute
657 1804 811 1848 bonas.
840 1805 959 1848 Perit
983 1804 1112 1865 igitur
1135 1804 1325 1864 nuptiale
1352 1805 1537 1849 bonum.
1568 1805 1683 1849 Nam
1710 1805 1902 1866 nuptiale
1923 1807 2104 1864 bonum,
2126 1806 2361 1850 secundum

202 1884 535 1943 Hieronymum,
562 1900 653 1927 non
676 1896 739 1928 est
762 1885 947 1940 bonum,
961 1886 1041 1928 nisi
1056 1886 1155 1945 quia
1177 1886 1245 1928 uri
1267 1896 1331 1929 est
1350 1887 1487 1943 majus
1508 1885 1669 1931 malum
1694 1902 1826 1945 quam
1850 1887 2004 1946 ipsum.
2028 1887 2189 1931 Multos
2210 1887 2359 1931 fideles

199 1964 316 2007 viros
345 1964 457 2008 inter
485 1981 594 2024 quos
622 1976 666 2009 et
698 1966 978 2010 Pamachium
1020 1967 1275 2010 Senatorem
1305 1966 1607 2010 scandalizavit
1637 1967 1731 2009 haec
1759 1966 1891 2009 effera
1922 1979 2172 2026 austeraque
2213 1968 2360 2027 dispu-

200 2045 328 2098 tatio,
354 2045 637 2105 doloremque
660 2062 786 2089 suum
808 2047 973 2106 scriptis
996 2062 1124 2106 super
1143 2047 1229 2089 hoc
1262 2046 1451 2106 epistolis
1473 2046 1616 2088 eidem
1640 2046 1904 2105 Hieronymo
1926 2048 2066 2090 testati
2088 2058 2201 2090 sunt.
2225 2048 2357 2102 Quod

198 2125 234 2168 si
256 2126 407 2169 Petrus
433 2137 524 2169 tam
547 2126 776 2170 crudeliter
796 2138 948 2170 contra
977 2127 1150 2187 nuptias
1173 2126 1476 2181 declamasset,
1500 2126 1699 2186 profecto
1722 2126 1964 2170 Bernardus
1993 2128 2039 2169 in
2067 2129 2156 2185 ejus
2177 2128 2355 2173 exitium

189 2208 531 2268 ,conjugatorum
555 2208 755 2251 cohortes
779 2219 997 2251 armasset.

259 2288 538 2347 Augustinus,
576 2288 791 2331 erroribus
825 2288 911 2331 suis
946 2287 1159 2345 inimicus,
1196 2303 1270 2330 eos
1297 2272 1801 2330 librd'Retractationum
1825 2288 2072 2348 purgandos
2104 2289 2350 2334 committit.

197 2359 462 2415 Lactantius,
490 2359 546 2403 de
572 2377 659 2420 quo
689 2361 779 2421 ipse
802 2360 1064 2421 Augustinus
1086 2369 1322 2413 asseverat,
1347 2358 1468 2417 quod
1494 2358 1632 2422 multo
1668 2375 1774 2417 auro
1803 2359 2099 2403 suffarcinatus
2126 2361 2276 2403 exierit
2297 2361 2353 2404 de

195 2438 414 2500 AEgypto‚
456 2457 558 2484 cum
595 2458 674 2485 ore
710 2441 921 2484 fulmineo
954 2429 1106 2493 contra
1131 2426 1303 2483 ¹Gentes
1350 2424 1830 2501 Chiisini'ni'defen'dat,
1867 2429 2066 2500 'quaedam
2097 2440 2258 2484 absona
2297 2441 2353 2486 de

195 2520 472 2581 dogmatibus
503 2522 707 2566 Ecclesiae
741 2533 891 2588 postea
913 2520 1113 2564 somniat.
1140 2518 1341 2593 Longum
1370 2530 1434 2580 est
1456 2509 1678 2563 recensere
1697 2532 1901 2564 veterum
1922 2522 2162 2586 syngrapha
2204 2532 2355 2590 tracta-

197 2611 365 2656 torum,
401 2618 498 2662 quae
520 2619 611 2647 non
634 2613 734 2652 sunt
763 2603 823 2646 sic
847 2602 903 2645 ad
928 2602 1085 2672 purum
1109 2611 1312 2655 excocta,
1339 2611 1388 2642 ut
1409 2586 1499 2664 non
1521 2591 1792 2644 inveniantur
1813 2601 1858 2645 in
1881 2602 1940 2644 eis
1960 2601 2095 2659 multa
2118 2617 2213 2667 quae
2235 2598 2353 2663 virga

198 2682 476 2725 correctionis
499 2694 639 2726 essent
662 2682 923 2751 dignissima.
946 2682 1090 2726 Vera'x
1109 2683 1296 2751 namque
1319 2691 1383 2723 est
1403 2663 1552 2724 Jacobi
1575 2681 1771 2746 Apostoli
1792 2663 2028 2725 sententia²
2045 2698 2056 2725 ε
2081 2702 2099 2719 α
2118 2682 2169 2725 In
2190 2673 2352 2738 multis,

199 2762 354 2822 inquit,
378 2763 642 2807 offendimus
665 2779 830 2819 omnes.
857 2763 902 2806 Si
922 2763 1016 2822 quis
1039 2772 1184 2805 autem
1210 2761 1255 2804 in
1275 2761 1410 2804 verbo
1433 2776 1524 2830 non
1546 2746 1794 2816 offenderit,
1812 2762 1882 2806 hic
1902 2753 2115 2827 perfectus
2135 2773 2199 2806 est
2218 2762 2349 2806 vir.»

195 2843 346 2902 Itaque
383 2844 418 2886 si
451 2844 603 2887 Petrus
638 2844 683 2887 in
718 2844 852 2887 verbo
888 2842 1154 2897 offenderat,
1183 2841 1442 2900 judicandus
1471 2858 1495 2884 a
1529 2853 1599 2898 te,
1631 2818 1933 2885 misericordiae
1967 2843 2110 2903 potius
2143 2841 2354 2886 blandum

197 2922 378 2966 deberet
409 2924 565 2967 sentire
602 2935 766 2967 tactum
797 2939 928 2983 quam
971 2922 1204 2966 iracundiae
1250 2922 1528 2966 incentivum.
1569 2921 1762 2982 AEquum
1793 2906 1885 2965 erat
1915 2933 1959 2966 te
1989 2922 2202 2966 reminisci
2235 2922 2355 2982 quod

196 3003 374 3047 Abacuc
404 3006 616 3067 propheta
640 3006 734 3048 Deo
769 3004 992 3058 decantat,
1030 3001 1205 3047 dicens⁸
1234 3019 1244 3047 ε
1277 3023 1294 3041 α
1320 3003 1430 3046 Cum
1464 3003 1596 3046 iratus
1630 3002 1782 3066 fueris,
1812 3001 2137 3082 misericordiae
2154 3001 2356 3046 recorda-

195 3082 325 3128 beris.
340 3106 359 3123 »
387 3084 501 3128 Vide
523 3085 629 3146 quid
648 3085 806 3130 distet'
795 3096 908 3129 mter
931 3084 1040 3128 iram
1059 3085 1155 3137 Dei,
1181 3095 1226 3159 et
1244 3084 1356 3128 iram
1374 3084 1576 3127 hominis.
1603 3084 1715 3126 Cum
1733 3083 1866 3161 homo
1890 3077 2098 3159 irascitur,
2108 3079 2356 3128 clementiae

243 3275 251 3293 ¹
268 3273 439 3316 Corinth,
459 3273 491 3313 1,
520 3283 595 3315 cap.
618 3282 676 3315 vn,
692 3282 723 3306 v.
743 3275 775 3307 9.
792 3290 834 3297 --
848 3271 997 3311 'Jacob.,
1014 3280 1087 3313 cap.
1104 3279 1158 3312 ιιι,
1173 3279 1206 3304 v.
1221 3273 1255 3304 2.
1269 3286 1311 3295 ·—-
1325 3271 1339 3291 ⁸
1353 3268 1491 3311 Babae„
1507 3278 1581 3311 up.
1598 3278 1647 3310 ιιι,
1665 3278 1698 3302 v.
1719 3271 1752 3303 2.
1860 3293 1863 3298 Α
2002 3275 2007 3297 ι
2031 3277 2051 3289 v·

417 3348 448 3372 u
2066 3331 2117 3369 ⁹9
