2638 3866
249 329 348 376 434
1065 326 1236 373 PETRI
1272 325 1585 374 ABAELARD!

256 426 497 474 tendenda
518 442 705 492 semper
728 435 799 473 est
816 426 918 490 ejus
942 425 1100 486 facieS,
1127 435 1173 473 et
1196 426 1505 492 pulchritudo
1530 424 1795 487 laudanda;
1819 442 1881 473 ne
1903 425 1942 472 si
1965 425 2161 473 alteram
2190 441 2390 491 aspexe-

255 507 335 567 ris,
364 524 414 554 se
433 507 632 553 aestimet
654 507 920 572 displicere.
946 506 1179 555 Vocanda
1197 506 1419 569 domina,
1447 507 1760 556 celebrandus
1790 506 1959 554 natalis
1980 506 2097 570 ejus,
2122 505 2389 570 jurandum

254 603 340 650 per
361 587 562 634 salutem
586 587 710 635 illius
732 605 741 635 ε
768 598 820 636 ut
842 589 903 636 sit
923 597 1162 653 superstes
1181 588 1468 653 optandum,
1493 588 1780 637 honoranda
1794 588 1961 635 ‘nutrix
1983 587 2103 650 ejuS‚
2131 596 2178 634 et
2205 586 2387 650 gerula,

254 683 434 728 servus,
459 669 693 732 patrinus,
721 678 768 716 et
790 668 1029 731 alumnus,
1057 679 1104 716 et
1128 669 1366 717 formosus
1395 669 1589 729 assecla,
1617 679 1663 717 et
1692 677 1977 735 procurator
2009 666 2355 715 calamistratus
2374 700 2387 725 ‚

254 756 300 792 et
338 746 386 793 in
423 747 616 812 longam
655 766 968 814 securamque
1008 749 1261 797 libidinem
1307 760 1499 798 exectus
1533 750 1712 816 spad03
1753 749 1844 796 sub
1889 748 2066 814 quibus
2110 745 2392 794 nominibus

254 826 452 875 adulteri
483 830 782 891 delitescunt;
808 847 1141 896 quoscumque
1164 831 1244 879 illa
1259 830 1492 892 dilexerit,
1515 831 1708 895 ingratis
1730 839 1841 878 sunt
1862 829 2073 878 amandi.
2102 829 2151 875 Si
2173 837 2324 875 totam
2349 826 2393 872 ei

254 906 456 956 domum
484 912 741 975 regendam
771 912 1083 973 commiseris,
1109 912 1416 960 serviendum
1447 923 1534 960 est.
1563 912 1610 958 Si
1637 911 1820 975 aliquid
1843 920 1928 958 tuo
1957 910 2156 957 arbitrio
2179 923 2389 956 reserva-

253 989 393 1049 veris,
428 990 575 1039 fidem
594 993 682 1039 sibi
704 993 871 1040 haberi
893 1009 994 1039 non
1014 992 1220 1057 putabit,
1246 1003 1294 1040 et
1315 994 1364 1039 in
1397 993 1566 1040 odium
1597 1002 1809 1039 vertetur
1831 1008 1885 1039 ac
1904 991 2077 1054 jurgia,
2109 999 2155 1036 et
2177 989 2269 1036 nisi
2294 988 2389 1035 cito

255 1070 566 1134 consulueris,
592 1073 778 1137 parabit
801 1090 1005 1121 venena.
1033 1076 1178 1134 Anus,
1213 1083 1260 1121 et
1281 1073 1516 1135 aurifices,
1552 1083 1599 1120 et
1622 1072 1818 1134 ariolos,
1845 1082 1892 1120 et
1916 1071 2154 1119 institores
2177 1085 2391 1134 gemma-

255 1165 361 1196 rum
397 1152 752 1218 sericarumque
785 1154 988 1201 vestium
1023 1154 1062 1201 si
1091 1155 1421 1215 intromiseris,
1456 1154 1725 1219 periculum
1757 1153 2000 1219 pudicitiae
2032 1161 2131 1212 est;
2160 1151 2199 1198 si
2224 1148 2391 1215 prohi-

253 1230 430 1292 bueris,
469 1234 753 1298 suspicionis
786 1235 979 1298 injuria.
1007 1237 1188 1282 Verum
1219 1235 1338 1300 quid
1358 1235 1556 1301 prodest
1584 1235 1727 1282 etiam
1760 1234 1962 1299 diligens
1988 1232 2206 1280 custodia
2241 1248 2252 1276 :
2280 1245 2392 1277 cum

253 1328 375 1359 uxor
412 1316 589 1362 servari
626 1315 871 1381 impudica
915 1333 1015 1363 non
1057 1316 1224 1381 possit,
1263 1316 1438 1381 pudica
1476 1333 1576 1363 non
1616 1315 1818 1363 debeat?
1859 1314 2014 1362 lnfida
2055 1314 2186 1362 enim
2231 1320 2392 1359 custos

252 1402 320 1440 est
357 1395 582 1443 castitatis
618 1398 891 1459 necessitas,
927 1407 974 1444 et
1004 1397 1084 1445 illa
1108 1414 1220 1444 vere
1256 1397 1431 1462 pudica
1466 1396 1670 1445 dicenda
1705 1405 1791 1458 est,
1834 1397 1914 1443 cui
1953 1395 2086 1443 licuit
2121 1409 2320 1459 peccare
2354 1391 2393 1437 si

251 1474 418 1522 voluit.
446 1476 649 1525 Pulchra
672 1479 768 1525 cito
787 1478 1056 1535 adamatur,
1086 1478 1212 1526 foeda
1231 1478 1546 1543 concupiscit.
1570 1476 1769 1524 Difficile
1791 1476 2060 1524 custoditur
2078 1474 2212 1539 quod
2231 1473 2393 1538 plures

252 1566 432 1604 amant.
477 1557 733 1605 Molestum
768 1569 839 1606 est
874 1559 1120 1624 possidere
1165 1559 1298 1623 quod
1336 1575 1482 1607 nemo
1520 1557 1699 1606 habere
1736 1558 1976 1622 dignetur.
2017 1557 2201 1603 Minore
2231 1564 2393 1601 tamen

252 1636 440 1684 miseria
475 1637 703 1687 deformis
725 1639 948 1701 habetur,
985 1656 1132 1704 quam
1168 1641 1377 1688 formosa
1408 1649 1639 1688 servatur.
1669 1638 1796 1686 Nihil
1827 1648 1984 1686 tutum
2008 1638 2055 1684 in
2084 1635 2217 1701 quod
2249 1634 2395 1681 totius

250 1718 419 1783 populi
445 1729 556 1766 vota
580 1721 837 1785 suspirant,
864 1721 984 1768 alios
1006 1721 1178 1781 forma,
1205 1723 1324 1769 alios
1346 1722 1559 1785 ingenio,
1583 1721 1701 1769 alios
1727 1720 1924 1780 facetiis,
1951 1718 2070 1767 alios
2092 1716 2389 1774 liberalitate,

252 1799 489 1847 sollicitat.
526 1800 696 1865 Aliquo
731 1802 881 1849 modo
914 1812 1213 1867 expugnatur
1244 1802 1378 1866 quod
1413 1802 1626 1866 undique
1656 1801 1918 1848 lacessitur.
1949 1799 2095 1857 Quod
2124 1799 2163 1845 si
2197 1806 2395 1862 propter

251 1879 659 1945 dispensationem
682 1882 875 1943 domus,
909 1893 956 1931 et
983 1884 1227 1948 languoris
1249 1883 1433 1944 solatia,
1463 1892 1510 1929 et
1537 1882 1696 1944 fugam
1719 1881 1990 1928 solitudinis
2012 1879 2256 1927 ducuntur
2278 1893 2394 1924 uxo-

249 1978 351 2022 res;
391 1963 544 2011 multo
588 1963 758 2011 melius
797 1981 962 2012 servus
1006 1964 1160 2012 fidelis
1201 1964 1471 2029 dispensat,
1511 1963 1743 2010 obediens
1781 1961 2054 2010 auctoritati
2093 1959 2306 2017 domiui,
2348 1968 2395 2004 et

250 2042 552 2107 dispositioni
589 2045 690 2108 ejus
715 2045 1070 2110 obtemperans,
1100 2061 1246 2109 quam
1277 2061 1398 2092 uxor
1415 2082 1427 2105 ,
1454 2060 1560 2108 quae
1587 2044 1636 2090 in
1664 2060 1723 2090 eo
1750 2059 1799 2090 se
1823 2042 2022 2090 aestimat
2046 2041 2298 2088 dominam
2315 2075 2327 2096 ‚
2355 2038 2393 2084 si

250 2124 506 2172 adversum
529 2126 619 2172 viri
644 2126 782 2173 faciat
800 2126 1118 2186 voluntatem,
1142 2126 1193 2172 id
1215 2135 1285 2173 est
1308 2125 1442 2189 quod
1463 2125 1634 2190 placet,
1660 2141 1760 2171 non
1785 2122 1919 2188 quod
1939 2121 2151 2186 jubetur.
2178 2118 2394 2167 Assidere

248 2217 410 2252 autem
450 2207 696 2270 aegrotanti
734 2207 883 2270 magis
916 2217 1119 2273 possunt
1150 2207 1292 2254 amici
1329 2216 1376 2253 et
1407 2205 1672 2253 vernaculae
1710 2203 1957 2251 beneficiis
1989 2201 2213 2266 obligati,
2247 2215 2394 2264 quam

248 2286 329 2332 illa
357 2304 463 2350 quae
496 2287 639 2334 nobis
670 2288 875 2352 imputet
909 2288 1143 2352 lacrymas
1181 2303 1315 2346 suaS,
1354 2297 1401 2334 et
1435 2285 1714 2334 hereditatis
1749 2302 1834 2350 spe
1865 2283 2042 2331 vendat
2072 2281 2312 2340 illuviem,
2349 2289 2395 2327 et

249 2366 621 2414 sollicitudinem
660 2368 871 2430 jactans,
917 2368 1186 2431 languentis
1232 2368 1447 2415 animum
1494 2366 1826 2431 desperatione
1864 2363 2128 2430 perturbet.
2171 2360 2319 2420 Quod
2357 2361 2394 2406 si

252 2448 512 2511 languerit,
539 2448 928 2512 coaegrotandum
959 2457 1051 2509 est,
1089 2458 1135 2495 et
1169 2464 1437 2511 numquam
1475 2447 1536 2494 ab
1580 2448 1679 2510 ejus
1709 2446 1885 2493 lectulo
1915 2443 2259 2492 recedendum.
2303 2444 2395 2488 Aut

249 2528 286 2574 si
324 2528 454 2575 bona
488 2528 628 2576 fuerit
665 2539 711 2576 et
748 2530 906 2576 suavis
950 2545 1089 2587 uxor,
1139 2545 1243 2592 quae
1288 2538 1448 2575 tamen
1484 2543 1591 2574 rara
1631 2527 1730 2573 avis
1771 2528 1882 2586 est¹,
1932 2540 2044 2572 cum
2100 2521 2393 2587 parturiente

250 2610 511 2671 gemimus,
549 2626 659 2657 cum
697 2609 994 2675 periclitante
1031 2619 1333 2673 torquemur.
1377 2608 1577 2673 Sapiens
1617 2617 1777 2654 autem
1818 2621 2085 2669 numquam
2128 2620 2228 2650 esse
2263 2602 2393 2648 solus

248 2700 406 2752 potest
429 2709 438 2736 :
466 2690 612 2738 habet
635 2707 798 2738 secum
822 2707 990 2738 omnes
1013 2691 1096 2756 qui
1120 2699 1248 2751 sunt,
1276 2690 1462 2754 quique<
1478 2705 1710 2752 umquam
1732 2687 1927 2735 fuerunt
1945 2686 2083 2744 boni,
2111 2694 2158 2732 et
2177 2684 2393 2731 animum

250 2768 454 2818 liberum
479 2789 789 2836 quocumque
812 2771 915 2819 vult
936 2771 1176 2819 transfert.
1204 2770 1350 2829 Quod
1383 2787 1588 2835 corpore
1615 2785 1714 2816 non
1739 2777 1915 2834 potest,
1951 2766 2241 2830 cogitatione
2267 2779 2396 2811 com-

253 2850 501 2912 plectitur3
534 2863 581 2900 et
611 2854 651 2900 si
685 2853 943 2900 hominum
978 2853 1141 2918 inopia
1180 2852 1335 2912 fuerit,
1374 2852 1588 2915 loquitur
1623 2868 1734 2898 cum
1768 2853 1888 2897 Deo.
1930 2852 2204 2911 Numquam
2235 2846 2393 2892 minus

254 2929 381 2976 solus
416 2933 524 2993 erit,
562 2951 707 2998 quam
741 2952 852 2981 cum
886 2934 1015 2981 solus
1038 2934 1194 2981 fuerit.
1235 2937 1386 2981 Porro
1419 2934 1685 2981 liberorum
1712 2947 1853 2979 causa
1880 2930 2057 2978 ducere
2088 2942 2306 2986 uxorem,
2341 2933 2393 2971 ut

253 3010 327 3055 vel
350 3027 529 3059 nomen
560 3025 778 3062 nostrum
813 3032 912 3062 non
943 3016 1179 3076 intereat,
1206 3015 1280 3061 vel
1309 3014 1574 3062 habeamus
1607 3013 1864 3061 senectutis
1886 3009 2127 3076 praesidia,
2154 3017 2202 3054 et
2225 3004 2393 3052 certis’

254 3098 444 3136 utamur
462 3091 750 3155 heredibus,
783 3095 1148 3142 stolidissimum
1178 3104 1265 3142 est.
1295 3095 1425 3153 Quid
1449 3095 1581 3142 enim
1615 3093 1677 3141 ad
1712 3109 1803 3140 nos
1825 3092 2031 3157 pertinet
2066 3085 2343 3136 recedentes
2365 3100 2391 3130 e

252 3170 457 3232 mundO,
494 3172 533 3217 si
554 3174 750 3220 nomine
774 3185 940 3222 nostro
960 3176 1079 3223 alius
1099 3193 1200 3223 non
1224 3185 1441 3235 vocetur,
1469 3191 1583 3223 curn
1615 3183 1661 3221 et
1683 3173 1809 3220 filius
1833 3188 1932 3219 non
1957 3170 2112 3217 statim
2138 3167 2285 3232 patris
2307 3181 2394 3212 vo·

251 3249 476 3297 cabulum
500 3252 692 3312 referat,
717 3264 762 3300 et
786 3255 1158 3304 innumerabiles
1180 3258 1276 3304 sint
1298 3257 1381 3321 qui
1403 3255 1577 3304 eodem
1597 3253 1901 3320 appellantur
1924 3248 2149 3298 nomine?
2175 3250 2266 3295 Aut
2287 3263 2392 3311 quae

301 3436 348 3467 'ln
366 3438 477 3479 editis,
504 3446 588 3470 rara
603 3442 664 3470 aut
683 3438 738 3470 vim
754 3443 810 3470 est.
841 3457 875 3463 -—
896 3441 907 3458 ²
924 3439 958 3471 ln
978 3441 1074 3473 editis
1089 3442 1233 3474 Cunctis.
