2638 3866
787 204 1128 254 TRACTATUS
1162 207 1241 254 ΒΕ
1275 207 1431 256 ΙΝΤΕΙ
1441 208 1745 257 .LECTlBUS.
2247 214 2340 261 749

193 318 296 351 esse
318 299 497 351 animal
519 302 812 364 irrationale,
835 306 883 352 in
909 322 968 354 eo
989 307 1124 371 quod
1147 308 1305 374 ipsum
1329 309 1527 357 attendo
1551 327 1652 359 esse
1680 310 1876 373 animal,
1903 310 2037 376 quod
2060 327 2227 359 verum
2252 322 2338 373 est,

194 382 352 431 habeo
374 382 669 431 intellectum
705 385 789 448 qui
818 395 888 432 est
919 402 1028 451 pars
1049 389 1304 454 compositi
1332 389 1598 439 intellectus
1624 391 1724 439 falsi
1744 429 1756 451 ,
1785 391 1870 439 sed
1906 407 2005 439 11011
2034 392 2081 439 111
2116 409 2175 439 60
2210 394 2341 457 quod

191 462 287 511 hoc
314 474 470 512 totum
505 463 704 512 attendo
738 480 840 512 esse
877 467 1054 514 animal
1087 469 1378 518 irrationale.
1415 471 1561 529 Quod
1591 472 1629 518 si
1661 472 1767 536 quis
1789 471 1983 536 objiciat
2009 471 2142 537 quod
2172 473 2341 521 eadem

191 545 378 593 ratione
408 545 777 594 concedendum
802 546 863 593 sit
890 565 899 591 τ
929 547 1058 595 idem
1092 550 1131 596 is
1161 551 1245 614 qui
1276 551 1492 615 intelligit
1517 553 1764 600 Socratem
1787 569 1890 600 esse
1918 552 2124 613 asinum,
2156 552 2249 601 hoc
2272 564 2342 602 est

191 625 369 674 animal
393 626 668 675 irrationale
700 625 810 689 tale,
839 644 1007 675 verum
1037 628 1114 676 vel
1145 647 1315 678 sanum
1336 631 1384 678 in
1408 631 1504 679 hoc
1528 631 1677 680 habet
1697 632 2008 693 intellectum,
2042 650 2131 698 pro
2160 650 2220 681 eo
2254 635 2343 682 sci·

190 702 299 753 licet
321 706 454 771 quod
475 706 706 770 intelligat
729 723 841 754 eum
873 724 974 756 esse
999 709 1193 770 animal,
1223 727 1322 758 non
1355 720 1425 759 est
1445 711 1732 772 audiendus,
1756 729 1868 760 cum
1888 714 2017 760 enim
2042 713 2135 761 1106
2161 731 2339 762 110111611

195 805 217 828 α
235 786 448 848 asinus,»
479 787 592 852 quia
618 787 819 853 simplex
843 799 912 836 est
935 806 1114 850 sermo,
1139 791 1405 856 simplicem
1427 791 1604 840 habeat
1620 792 1931 854 intellectum,
1957 803 2003 840 et
2026 810 2125 841 non
2153 811 2210 842 ex
2232 811 2340 859 par·

190 865 316 914 tibus
351 867 698 932 conjunctum,
737 886 839 917 non
878 871 1116 936 possimus
1154 872 1203 918 in
1238 872 1576 937 praedicatione
1611 878 1714 938 ejus
1745 873 2011 922 intellectus
2045 874 2340 922 diversarum

190 948 580 996 enuntiationum
613 948 932 1015 distinguere,
967 962 1020 1000 ut
1055 952 1265 1017 aliquem
1297 969 1467 1000 eorum
1497 969 1669 1000 sanum
1698 953 1941 1001 valeamus
1972 954 2147 1002 dicere.
2176 959 2341 1003 Totam

190 1029 369 1095 quippe
406 1029 724 1079 substantiam
764 1048 820 1080 ac
855 1042 1078 1081 naturam
1115 1034 1235 1082 asini
1271 1033 1414 1082 simul
1451 1035 1500 1082 in
1536 1035 1632 1082 hoc
1670 1036 1868 1083 nomine
1901 1035 2034 1100 quod
2072 1046 2143 1083 est
2182 1037 2342 1084 asinus

189 1109 517 1174 significamus
543 1121 687 1177 atque
711 1112 1013 1179 copulamus,
1042 1124 1089 1162 et
1117 1131 1217 1162 non
1241 1131 1328 1181 per
1352 1125 1526 1181 partes.
1556 1118 1627 1162 De
1649 1132 1709 1162 eo
1734 1125 1894 1163 autem
1917 1115 2051 1181 quod
2075 1115 2256 1164 dictum
2272 1128 2343 1166 est

189 1189 333 1255 objici
357 1191 496 1255 solet,
523 1192 658 1258 quod
683 1194 843 1242 omnis
873 1195 957 1260 qui
982 1195 1201 1260 intelligit
1222 1198 1469 1244 Socratem
1493 1213 1594 1244 esse
1616 1197 1824 1255 asinum,
1850 1196 2068 1261 intelligit
2092 1198 2339 1262 quoddam

187 1271 367 1319 animal
390 1289 492 1320 6556
515 1275 723 1333 asinum,
750 1284 797 1323 et
820 1276 979 1323 omnis
1004 1278 1086 1341 qui
1110 1276 1330 1342 intelligit
1359 1276 1609 1342 quoddam
1631 1277 1809 1324 animal
1833 1294 1934 1324 esse
1956 1279 2143 1325 asinum
2159 1315 2170 1337 ,
2198 1279 2340 1327 intel·

187 1352 287 1416 ligit
319 1370 506 1416 verum,
541 1364 588 1403 et
613 1356 677 1404 ita
705 1356 864 1404 omnis
893 1357 978 1422 qui
1010 1356 1229 1421 intelligit
1260 1360 1507 1406 Socratem
1540 1374 1641 1405 6556
1677 1358 1865 1405 asinum
1895 1357 2111 1423 intelligit
2140 1375 2336 1417 verum;

188 1433 324 1482 facile
356 1452 641 1502 responsum
681 1436 875 1499 damus,
915 1438 1049 1503 quod
1079 1438 1299 1486 videlicet
1341 1440 1379 1486 si
1418 1439 1606 1486 medius
1649 1439 1879 1486 terminus
1909 1439 1958 1486 in
1994 1439 2166 1486 eodem
2199 1456 2340 1488 sensu

187 1524 422 1577 sumatur,
460 1516 599 1565 firma
633 1518 694 1565 sit
728 1518 931 1565 omnino
970 1519 1260 1584 complexio.
1297 1519 1392 1567 Sed
1422 1529 1538 1567 tunc
1570 1536 1660 1584 pro
1698 1519 1887 1567 diversa
1916 1520 2197 1584 acceptione
2219 1520 2338 1584 ejus,

188 1594 338 1643 modo
366 1596 513 1645 altera
552 1606 601 1644 et
634 1598 783 1645 modo
817 1598 964 1647 altera
998 1599 1059 1647 de
1092 1599 1344 1665 praemissis
1375 1599 1791 1665 propositionibus
1826 1598 2080 1664 probanda
2117 1601 2221 1648 erit.
2263 1603 2342 1649 Est

187 1685 349 1724 autem
390 1678 578 1725 medius
618 1679 854 1728 terminus
899 1698 909 1726 :
957 1679 1226 1746 «Intelligit
1266 1679 1516 1746 quoddam
1556 1680 1735 1727 animal
1772 1696 1874 1728 esse
1912 1681 2118 1737 asinum,
2144 1699 2166 1725 »
2208 1680 2342 1744 quod

187 1755 379 1805 duobus
410 1759 568 1807 modis
592 1760 745 1825 accipi
768 1777 910 1827 posse
932 1761 1145 1821 videtur3
1175 1778 1277 1809 uno
1303 1761 1500 1826 quidem
1528 1760 1677 1808 modo
1701 1761 1740 1807 si
1770 1761 1835 1808 ita
1857 1760 2075 1808 dicamus
2105 1778 2115 1807 :
2146 1779 2168 1806 «
2196 1761 2342 1808 lntel-

186 1835 286 1900 tigit
321 1837 383 1885 de
416 1838 630 1902 quodam
653 1839 851 1887 animali
883 1840 1018 1904 quod
1042 1841 1100 1888 sit
1132 1841 1360 1901 asinus,»
1389 1850 1436 1888 et
1466 1841 1531 1888 ita
1560 1855 1674 1888 vera
1705 1849 1775 1887 est
1806 1840 1961 1904 prima
1996 1840 2262 1905 propositio
2297 1850 2342 1887 et

186 1916 301 1965 falsa
321 1919 615 1984 assumpti03
643 1920 739 1968 alio
765 1920 914 1968 modo
941 1921 980 1967 si
1002 1921 1069 1969 ita
1095 1921 1312 1969 dicamus
1339 1938 1349 1968 :
1377 1920 1596 1984 intelligit
1617 1919 1712 1968 hoc
1735 1920 1868 1985 quod
1894 1920 2142 1984 quoddam
2166 1921 2342 1967 animal

185 2006 256 2045 est
290 1999 470 2061 asinus,
506 2016 562 2047 ac
582 2000 621 2047 si
646 2000 832 2049 dicatur
854 2000 1002 2048 habet
1026 2001 1322 2049 intellectum
1347 2000 1645 2066 particularis
1669 2000 1960 2048 affirmativae
1988 2018 1999 2047 ε
2038 2020 2060 2043 «
2082 2000 2340 2057 Quoddam

186 2078 363 2126 animal
387 2088 458 2126 est
479 2080 697 2127 asinus.»
720 2085 779 2128 Et
796 2090 911 2128 tunc
934 2081 1131 2146 quidem
1155 2081 1271 2128 falsa
1294 2091 1365 2128 est
1386 2082 1543 2146 prima
1565 2081 1834 2146 propositio
1856 2090 1900 2128 et
1923 2097 2033 2128 vera
2055 2081 2334 2145 assumptio.

186 2160 446 2206 Possumus
483 2159 682 2207 fortasse
713 2170 761 2208 et
795 2160 914 2207 illud
953 2177 1052 2208 non
1084 2161 1475 2210 irrationabiliter
1510 2161 1686 2219 dicere,
1721 2159 1855 2225 quod
1891 2177 2035 2208 nemo
2071 2160 2340 2223 intelligens

185 2240 434 2287 Socratem
470 2257 571 2288 esse
602 2241 783 2289 animal
815 2242 1107 2303 irrationale,
1150 2241 1370 2306 intelligit
1409 2242 1457 2289 in
1490 2241 1586 2288 hoc
1619 2258 1731 2289 eum
1764 2258 1865 2288 6556
1902 2240 2105 2302 animal,
2146 2241 2257 2288 licet
2289 2242 2337 2288 in

185 2319 431 2368 intellectu
454 2321 550 2369 1106
570 2332 676 2370 1010
700 2322 778 2370 1116
800 2333 1029 2388 tanquam
1054 2339 1164 2388 pars
1184 2323 1395 2370 inclusus
1416 2323 1652 2370 videatur.
1679 2325 1747 2369 Eo
1766 2323 1945 2388 quippe
1969 2322 2118 2369 modo
2137 2321 2340 2369 dicimus

189 2401 530 2467 «intelligere»
551 2420 651 2467 quo
675 2403 881 2452 dicimus
909 2420 1235 2470 «proponere.
1258 2423 1281 2447 >2
1301 2405 1419 2452 Tota
1442 2413 1605 2451 autem
1629 2402 1730 2450 haec
1754 2402 2022 2468 propositio
2045 2420 2055 2449 z
2086 2422 2108 2445 c<
2123 2403 2339 2449 Socrates

185 2492 256 2530 est
279 2484 456 2531 animal
479 2484 755 2533 irrationale
775 2506 796 2529 ›>
823 2502 924 2532 non
950 2485 1181 2551 proponit
1206 2486 1449 2532 Socratem
1473 2500 1576 2532 esse
1599 2483 1796 2542 animal,
1824 2482 1909 2530 sed
1932 2499 2041 2548 pars
2063 2484 2190 2546 cjus;
2218 2483 2338 2529 sicut

186 2579 276 2611 nec
321 2564 410 2613 ista
449 2566 796 2630 consequentia
826 2584 835 2613 :
880 2585 903 2611 «
934 2566 983 2612 Si
1011 2567 1230 2613 Socrates
1262 2574 1332 2612 est
1363 2565 1645 2630 margarita,
1677 2565 1897 2611 Socrates
1924 2571 1994 2610 est
2022 2563 2142 2627 lapis
2173 2582 2196 2605 ι)
2232 2577 2340 2626 pro-

187 2644 325 2708 ponit
355 2647 605 2694 Socratem
635 2663 737 2694 esse
771 2647 1077 2710 margaritam
1113 2645 1188 2693 vel
1228 2647 1476 2692 Socratem
1502 2661 1603 2692 esse
1633 2643 1873 2709 lapidem;
1916 2642 2130 2706 alioquin
2166 2641 2337 2688 falsum

186 2736 480 2790 proponeret
514 2726 615 2774 haec
646 2729 1015 2791 consequentia,
1053 2737 1100 2774 et
1138 2725 1216 2773 illa
1246 2726 1512 2791 propositio
1547 2741 1733 2772 verum.
1772 2727 1831 2771 Et
1863 2724 1926 2771 ita
1962 2723 2046 2787 qui
2081 2722 2174 2769 hoc
2199 2721 2333 2778 dicit,

187 2804 358 2854 falsum
391 2806 595 2867 diceret,
635 2817 683 2854 et
717 2808 802 2872 qui
836 2807 954 2854 illud
987 2823 1172 2855 verum.
1210 2807 1287 2853 Sic
1316 2823 1474 2871 neque
1507 2805 1546 2853 is
1582 2806 1666 2870 qui
1698 2804 1918 2867 intelligit
1952 2805 2198 2851 Socratem
2237 2818 2338 2850 esse

186 2887 363 2935 animal
386 2887 677 2948 irrationale,
698 2887 746 2934 in
765 2886 863 2934 hoc
887 2897 991 2934 toto
1015 2886 1216 2935 attendit
1239 2902 1341 2934 esse
1365 2885 1560 2944 animal,
1587 2902 1697 2933 cum
1722 2885 1770 2932 in
1795 2884 1890 2932 hoc
1913 2884 2017 2931 solo
2039 2884 2167 2930 visus
2190 2882 2337 2929 animi

186 2968 259 3014 sui
282 2984 382 3015 non
404 2968 701 3033 perficiatur3
725 2984 881 3032 neque
904 2967 1038 3032 quod
1061 2966 1282 3030 intelligit
1299 2966 1434 3031 quod
1453 2967 1491 3014 si
1516 2968 1732 3014 Socrates
1755 2974 1825 3013 est
1847 2964 2098 3028 margarita
2121 2965 2338 3010 Socrates

187 3057 258 3095 est
293 3047 430 3113 lapis,
469 3066 557 3114 per
585 3048 683 3096 hoc
714 3048 936 3112 intelligit
970 3058 1054 3095 aut
1086 3050 1334 3095 Socratem
1364 3064 1466 3095 esse
1498 3047 1802 3110 margaritam
1840 3054 1921 3091 aut
1959 3046 2204 3091 Socratem
2237 3057 2339 3089 esse

186 3128 414 3195 lapidem.
456 3134 619 3195 Neque
649 3130 745 3177 hoc
774 3131 903 3178 enim
933 3129 1320 3196 propositionum
1349 3137 1589 3194 conceptu
1611 3127 1760 3175 animi
1792 3135 1919 3174 recte
1952 3125 2059 3189 quis
2079 3123 2339 3186 intelligere

188 3210 382 3270 dicitur,
419 3212 502 3259 sed
528 3228 618 3278 pro
647 3211 729 3258 illo
754 3221 941 3259 tantum
972 3220 1208 3275 conceptu
1233 3211 1282 3257 in
1312 3225 1410 3273 quo
1434 3209 1563 3256 visus
1587 3209 1688 3274 ipse
1711 3207 1858 3255 animi
1885 3216 2029 3270 atque
2054 3205 2153 3268 ejus
2184 3203 2337 3267 expli-

187 3292 312 3339 catio
339 3303 703 3340 consummatur
733 3302 876 3357 atque
908 3290 1172 3358 perficitur.
1204 3289 1343 3338 Unde
1366 3306 1466 3338 non
1494 3299 1564 3338 est
1588 3304 1782 3336 necesse
1815 3297 1867 3335 ut
1901 3287 1941 3334 si
1975 3285 2170 3348 alicujus
2199 3281 2333 3330 intel·
