2638 3866
256 218 351 267 662
1075 218 1237 265 PETRI
1270 217 1580 266 ABAELARDI

256 317 535 365 sideremus,
572 317 693 364 Novi
725 326 884 365 tamen
916 318 1030 383 legis
1061 318 1281 383 quaedam
1309 329 1545 385 praecepta
1572 336 1724 385 usque
1749 321 1895 369 etiam
1917 320 1979 369 ad
2007 321 2296 387 alienigenas
2318 340 2396 372 ex·

258 397 412 455 tendi,
445 396 621 444 scilicet
648 396 754 444 illos
783 407 996 458 tantum,
1025 415 1149 463 quos
1180 399 1462 447 vernaculos
1485 399 1560 447 vel
1591 416 1755 448 servos
1787 400 2027 448 haberetis
2059 402 2135 450 vel
2167 403 2251 468 qui
2272 403 2397 451 intra

256 487 417 541 portas
444 485 621 523 vestras
644 477 719 524 vel
742 476 789 523 in
823 486 949 526 terra
967 488 1123 526 vestra
1144 479 1396 527 vobiscum
1417 478 1703 528 habitarent.
1729 484 1864 539 Quos
1885 468 2083 545 quidem
2106 482 2155 528 in
2180 481 2398 547 pluribus

261 556 377 603 locis
408 557 651 621 Scriptura
692 557 943 621 diligenter
980 558 1296 617 determinat,
1336 569 1384 607 et
1417 577 1539 624 quos
1575 570 1626 607 tu
1664 561 1765 626 ipse
1798 561 2027 626 superius¹
2048 577 2104 608 ex
2139 561 2246 626 ipso
2283 561 2399 626 legis

260 646 528 701 praecepto,
563 646 794 701 tanquam
826 638 1076 702 indigenas
1112 640 1482 688 misericorditer
1515 640 1790 688 tractandos
1819 657 1920 688 esse
1955 640 2224 688 ostendisti.
2265 644 2399 700 Quos

260 726 306 762 et
330 716 474 764 *vobis
501 718 549 764 in
589 717 808 782 pluribus
837 717 1154 767 observantiis
1183 720 1258 768 lex
1291 730 1512 785 aggregat
1544 731 1592 769 et
1629 738 1657 769 a
1696 721 1864 768 ceteris
1899 721 2161 787 peregrinis
2197 721 2398 769 advenis

259 806 421 861 aperte
459 797 724 861 distinguit.
760 799 899 847 Unde
937 816 1049 847 cum
1087 801 1153 848 ait
1183 801 1397 865 quodam
1430 801 1560 849 loco¹
1586 821 1610 846 «
1635 802 1850 866 Septimo
1885 817 2016 849 anno
2053 802 2197 850 facies
2232 802 2397 849 remis-

260 878 446 925 sionem
478 896 584 943 quae
606 879 702 927 hoc
728 879 898 927 ordine
927 880 1214 929 celebratur.
1240 883 1329 929 Cui
1352 881 1554 930 debetur
1583 881 1762 947 aliquid
1790 881 1853 930 ab
1879 883 2035 930 amico
2067 882 2144 930 vel
2175 883 2398 948 proximo

260 973 315 1004 ac
339 957 480 1006 fratre
503 976 615 1020 suo,
645 970 857 1025 repetere
881 977 980 1007 non
1006 962 1210 1026 poterit,
1239 963 1351 1027 quia
1373 978 1529 1010 annus
1550 962 1844 1011 remissionis
1868 971 1940 1010 est
1962 962 2175 1010 Domini.
2203 966 2239 1010 A
2263 979 2402 1028 pere-⁵

261 1039 397 1101 grino
422 1049 469 1087 et
492 1040 679 1088 advena
702 1041 885 1104 exiges3
915 1062 937 1085 ›>
966 1052 1130 1107 aperte
1155 1042 1297 1090 docet
1321 1043 1628 1109 peregrinum
1651 1053 1698 1090 et
1719 1042 1955 1091 advenam
1976 1060 2078 1090 non
2101 1051 2201 1091 tam
2218 1043 2402 1090 miseri-

259 1119 468 1167 corditer
498 1121 800 1168 tractandum
824 1138 951 1182 esse,
984 1123 1107 1170 sicut
1133 1123 1425 1188 indigenam.
1460 1126 1602 1171 Hunc
1632 1140 1829 1189 quoque
1853 1123 2161 1189 peregrinum
2183 1123 2401 1188 superin-

259 1199 518 1263 tellexerat,
543 1201 626 1248 ubi
651 1202 770 1249 ait²:
801 1222 823 1245 «
845 1205 1003 1250 Omne
1026 1203 1161 1268 quod
1186 1204 1424 1252 mundum
1449 1215 1520 1252 est
1542 1204 1805 1266 comedite3
1833 1204 2066 1270 quicquid
2090 1203 2402 1251 morticinum

259 1291 328 1327 est
351 1298 495 1329 nemo
517 1293 734 1330 vescatur
754 1299 809 1330 ex
834 1300 909 1331 eo.
939 1286 1193 1349 Peregrino
1217 1286 1298 1349 qui
1319 1286 1444 1333 intra
1467 1296 1630 1351 portas
1651 1295 1757 1333 tuas
1778 1295 1865 1348 est,
1891 1285 1953 1334 da
1978 1295 2032 1333 ut
2054 1284 2297 1344 comedat,
2321 1294 2403 1332 aut

260 1362 415 1409 vende
443 1364 512 1423 ei,
540 1364 652 1427 quia
676 1373 727 1411 tu
752 1363 962 1429 populus
984 1375 1176 1413 sanctus
1200 1367 1393 1423 Domini
1419 1367 1488 1414 tui
1512 1367 1601 1414 Dei
1623 1383 1690 1414 es.
1717 1385 1740 1411 υ
1772 1369 1931 1430 Longe
1956 1382 2166 1431 namque
2189 1375 2329 1412 antea
2351 1364 2400 1411 in

258 1443 351 1489 alio
375 1442 498 1490 libro
532 1444 766 1491 advenam
795 1445 939 1492 etiam
963 1446 1045 1509 qui
1070 1446 1194 1494 intra
1213 1463 1298 1494 vos
1323 1446 1590 1495 habitando
1611 1464 1711 1495 non
1734 1446 2030 1495 transeundo
2052 1446 2401 1511 peregrinatur,

259 1524 379 1571 sicut
413 1541 468 1572 ea
508 1541 613 1588 quae
645 1525 710 1572 ibi
747 1526 965 1591 proxima
999 1528 1375 1592 praemittuntur,
1425 1529 1693 1590 insinuant,
1739 1545 1768 1576 a
1806 1528 2064 1575 morticino
2098 1526 2403 1574 comedendo

260 1605 380 1651 sicut
404 1622 489 1651 vos
524 1605 757 1665 inhibuit,
794 1606 981 1653 dicens³
1008 1623 1020 1654 ε
1050 1628 1073 1652 «
1097 1609 1266 1657 Anima
1299 1626 1404 1674 quae
1434 1609 1701 1657 comederit
1724 1608 2035 1656 morticinum
2059 1606 2134 1655 vel
2160 1615 2354 1672 captum
2377 1623 2405 1654 a

260 1683 408 1732 bestia
434 1696 532 1734 tam
552 1686 613 1733 de
635 1686 870 1749 indigenis
892 1703 1039 1751 quam
1064 1698 1113 1736 et
1135 1689 1197 1736 de
1220 1689 1435 1751 advenis,
1461 1689 1640 1737 lavabit
1662 1688 1946 1737 vestimenta
1980 1703 2067 1735 sua
2099 1677 2220 1734 etse
2244 1687 2406 1752 ipsum

260 1781 402 1829 aqua,
422 1777 469 1813 et
491 1768 845 1815 contaminatus
869 1768 958 1815 erit
982 1785 1135 1833 usque
1157 1770 1218 1817 ad
1243 1787 1515 1836 vesperum,
1533 1779 1580 1817 et
1596 1769 1694 1817 hoc
1720 1768 1892 1816 ordine
1914 1767 2126 1815 mundus
2144 1766 2242 1815 fiet.
2261 1766 2404 1825 Quod

260 1846 297 1892 si
320 1863 420 1893 non
441 1847 608 1894 laverit
634 1848 913 1895 vestimenta
936 1865 1022 1896 sua
1041 1859 1088 1896 et
1110 1866 1304 1915 corpus,
1332 1850 1541 1916 portabit
1563 1850 1866 1914 iniquitatem
1889 1864 2042 1896 suam.
2067 1869 2090 1892 ω
2114 1851 2273 1906 Quem
2289 1863 2404 1894 vero

261 1943 360 1973 uno
379 1926 490 1974 loco
515 1929 820 1992 peregrinum
844 1939 891 1976 et
912 1929 1148 1977 advenam
1168 1930 1299 1989 dicit,
1318 1930 1614 1996 quandoque
1633 1928 1747 1977 alibi
1764 1928 1985 1976 nominat
2004 1927 2240 1988 alienum3
2261 1926 2406 1973 veluti

260 2023 372 2053 cum
397 2007 594 2055 dicitur⁴
624 2026 634 2054 :
668 2028 690 2052 <c
713 2012 820 2056 Non
849 2009 1087 2058 fenerabis
1111 2011 1243 2059 fratri
1276 2022 1361 2059 tuo
1391 2011 1453 2059 ad
1476 2027 1672 2059 usuram
1695 2010 1978 2076 pecuniam,
2005 2025 2094 2056 nec
2115 2008 2290 2072 fruges,
2316 2023 2406 2054 nec

259 2087 523 2151 quamlibet
543 2088 685 2136 aliam
716 2106 836 2150 rem,
866 2091 951 2138 sed
983 2091 1160 2139 alieno.
1187 2111 1209 2136 »
1238 2095 1310 2140 De
1345 2093 1421 2140 his
1460 2102 1623 2139 autem
1660 2091 1883 2150 advenis,
1920 2090 2005 2154 qui
2042 2089 2407 2156 peregrinantur

259 2169 383 2216 inter
406 2186 508 2229 vos,
536 2186 637 2216 non
665 2186 751 2217 vos
775 2171 899 2218 inter
920 2188 1022 2231 εοε,
1046 2172 1140 2220 alio
1165 2172 1275 2220 loco
1300 2173 1534 2238 scriptum
1558 2181 1645 2233 est,
1673 2188 1784 2218 cum
1809 2170 2001 2218 dicitur⁵
2035 2187 2046 2216 :
2073 2190 2095 2212 «
2114 2172 2274 2216 Homo
2297 2170 2407 2232 qui·

259 2248 375 2295 libet
411 2249 471 2297 de
498 2249 648 2297 domo
674 2251 842 2310 lsrael,
870 2261 916 2299 et
946 2252 1007 2300 de
1037 2252 1236 2301 advenis
1272 2255 1355 2318 qui
1386 2253 1755 2318 peregrinantur
1788 2251 2037 2312 intervos,
2071 2251 2110 2297 si
2144 2247 2409 2297 comederit

260 2331 566 2392 sanguinem,
602 2330 874 2379 obfirmabo
904 2333 1075 2380 faciem
1103 2350 1261 2382 meam
1294 2343 1465 2381 contra
1501 2333 1714 2380 animam
1749 2331 1891 2394 illius,
1923 2341 1971 2379 et
2000 2330 2274 2396 dispergam
2295 2344 2409 2376 eum

261 2409 321 2455 de
359 2410 543 2475 populo
575 2427 680 2458 suo.
703 2432 725 2455 n
753 2412 895 2459 Nullo
918 2414 1099 2479 quippe
1122 2414 1239 2478 legis
1261 2424 1502 2479 praecepto
1534 2413 1682 2461 alium
1713 2412 1950 2460 advenam
1983 2408 2408 2476 comprehenderis

260 2490 350 2536 nisi
386 2491 471 2554 qui
508 2491 636 2556 apud
671 2509 756 2539 vos
781 2491 989 2554 habitat,
1027 2510 1082 2541 ac
1114 2511 1202 2559 per
1232 2494 1327 2541 hoc
1355 2493 1570 2557 subjacet
1601 2502 1760 2540 vestro
1795 2492 2014 2540 dominio
2047 2501 2095 2538 et
2123 2488 2404 2554 disciplinae.

262 2570 399 2618 vUnde
433 2571 598 2619 divina
626 2572 768 2619 nobis
797 2572 1082 2637 providente
1113 2575 1261 2637 gratia
1285 2590 1390 2638 quae
1421 2573 1552 2620 vobis
1587 2573 1789 2620 omnino
1824 2587 2022 2619 omnem
2054 2580 2188 2617 terrae
2220 2584 2406 2634 posses·

260 2651 446 2697 sionem
470 2650 692 2711 abstulit,
719 2663 772 2700 ut
796 2653 957 2701 nullus
978 2654 1203 2702 videlicet
1230 2655 1362 2720 apud
1384 2671 1496 2714 vos,
1524 2669 1611 2701 vos
1645 2653 1777 2718 apud
1807 2668 1976 2699 omnes
2006 2649 2406 2717 peregrinemini,

261 2731 403 2778 nullis
426 2749 510 2779 vos
541 2732 760 2796 legitimis
789 2735 953 2782 vestris
983 2735 1142 2782 sciatis
1167 2734 1419 2782 obnoxios.
1448 2733 1595 2792 Quod
1619 2749 1736 2781 vero
1768 2741 2007 2798 praecepto
2033 2727 2411 2779 circumcisionis

263 2820 308 2858 et
332 2812 553 2877 exemplo
575 2813 775 2861 Abrahae
806 2831 897 2861 nos
925 2815 989 2862 ad
1017 2816 1435 2863 circumcisionem
1469 2831 1637 2880 urgere
1666 2813 1830 2861 niteris
1846 2851 1858 2874 ‚
1885 2822 1939 2860 ut
1966 2828 2050 2860 eos
2072 2826 2268 2876 quoque
2295 2808 2412 2872 legis

263 2903 561 2939 sacramento
588 2893 807 2942 includas
842 2894 1019 2958 quibus
1053 2905 1216 2944 tamen
1250 2896 1526 2944 nullatenus
1561 2895 1716 2959 legem
1747 2910 1848 2942 esse
1871 2893 2034 2941 datam
2069 2890 2296 2940 concedis
2329 2897 2411 2935 aut

265 2971 408 3017 etiam
427 2974 796 3035 promissionem
821 2985 957 3023 terrae
977 2976 1081 3024 fieri
1101 2994 1206 3042 quae
1228 2978 1277 3024 in
1303 2987 1445 3042 pacto
1465 2976 1843 3024 circumcisionis
1864 2974 2103 3034 statuitur,
2126 2971 2236 3020 vide
2264 2985 2410 3033 quam

264 3049 323 3094 sit
357 3050 620 3101 invalidum
646 3055 780 3118 quod
807 3055 992 3119 objicis.
1032 3059 1154 3104 Cum
1186 3058 1317 3107 enim
1342 3058 1643 3123 praemisisset
1676 3056 1938 3116 Dominus,
1985 3074 2007 3099 α
2041 3049 2411 3101 circumcidetur

312 3259 318 3276 ¹
335 3257 450 3299 Dent,
472 3268 543 3300 cap.
570 3269 625 3301 xv,
644 3270 677 3292 v.
695 3265 707 3293 1
727 3268 759 3294 et
778 3272 849 3304 sqq.
865 3281 904 3288 —
927 3265 1056 3307 ²Ibid.‚
1079 3276 1150 3308 cap.
1169 3277 1245 3309 xlv,
1271 3278 1300 3301 v.
1331 3271 1384 3303 20.
1404 3286 1439 3293 -
1453 3271 1465 3290 3
1481 3268 1602 3309 Levit.,
1625 3276 1694 3308 cvp-
1715 3275 1793 3307 xvn,
1813 3275 1842 3298 v·
1865 3267 1917 3307 15,
1940 3266 1990 3298 16.
2009 3280 2045 3286 -
2060 3261 2196 3301 ⁴Deut.,
2217 3268 2288 3300 cap.
2308 3265 2410 3297 xxm,

266 3319 293 3340 ν.
313 3311 364 3344 19.
384 3328 422 3335 ω-
439 3314 450 3331 ⁶·
466 3313 587 3356 Levit.,
608 3323 684 3355 cap.
705 3323 790 3357 xvn,
809 3326 839 3349 v.
859 3320 908 3359 10¹.
2405 3318 2407 3320 -
