2638 3866
277 218 373 266 280
1083 214 1254 262 PETRI
1294 210 1608 264 ABAELARDI

278 318 327 365 id
353 325 422 364 est
444 315 687 381 postulare
710 330 800 361 nos
820 313 949 375 facit,
971 312 1105 379 quod
1124 313 1300 362 scilicet
1316 314 1647 363 nesciebamus
1667 312 1909 375 docendo,
1938 321 1985 360 et
2001 313 2104 378 ejus
2123 312 2413 363 desiderium

280 398 541 445 maximum
579 395 879 460 inspirando.
910 415 933 441 «
955 395 1049 453 Qui
1078 405 1298 443 autem.»
1325 396 1430 444 Dixi
1460 394 1595 460 quod
1624 411 1715 442 nos
1736 394 1994 459 postulare
2030 394 2141 442 facit
2162 393 2415 458 gemitibus

280 475 696 535 inenarrabilibUS,
729 475 780 523 id
809 486 879 524 est
901 476 1044 524 tantis
1074 475 1321 524 desideriis
1346 485 1399 523 ut
1427 476 1588 541 potius
1625 475 1790 523 sentiri
1816 491 1962 539 quam
1997 474 2192 523 edisseri
2212 483 2410 540 queant.

279 556 371 604 Sed
409 555 518 602 licet
552 555 648 602 sint
681 556 1051 616 inenarrabiles,
1091 555 1136 603 ei
1171 566 1333 603 tamen
1372 565 1483 603 sunt
1518 555 1725 619 cogniti,
1763 555 1847 620 qui
1884 565 2120 604 scrutatur
2154 553 2329 617 corda,
2371 563 2418 602 et

279 638 523 702 inspector
565 646 636 684 est
665 636 848 699 cordis,
895 653 951 685 ea
986 635 1207 685 videlicet
1246 636 1407 702 potius
1443 636 1695 684 attendens
1733 653 1838 701 quae
1873 646 2125 685 versantur
2164 636 2215 683 in
2249 634 2413 696 corde,

279 733 426 781 quam
452 733 557 781 quae
578 717 887 782 proferuntur
913 717 974 764 de
999 733 1100 765 ore.
1134 737 1156 761 «
1183 717 1314 775 Quid
1336 716 1589 764 desideret.
1615 736 1638 762 »
1663 716 1716 765 Id
1738 726 1809 764 est
1830 716 2101 765 desiderare
2132 732 2222 763 nos
2251 714 2414 775 faciat,

280 797 389 861 quia
415 798 626 862 postulat
644 814 734 863 pro
758 798 949 857 sanctis,
977 797 1025 844 id
1049 807 1119 844 est
1140 807 1331 845 sanctos
1359 796 1603 862 postulare
1633 797 1758 859 facit,
1789 817 1810 840 «
1832 796 2097 845 secundum
2120 799 2294 856 Deum,
2314 815 2336 837 n
2367 793 2420 842 id

279 887 347 924 est
372 876 640 924 secundum
665 877 760 925 hoc
784 877 918 942 quod
943 879 1044 943 ipse
1066 878 1269 943 Spiritus
1299 878 1384 925 Dei
1410 894 1439 925 a
1461 880 1565 925 Deo
1587 878 1797 943 accepit,
1830 878 1914 942 qui
1937 894 1964 925 a
1983 880 2088 925 Deo
2117 876 2264 924 habet
2285 892 2386 923 esse
2403 913 2416 937 ,

280 956 591 1020 procedendo
615 958 791 1006 scilicet
818 957 1021 1023 abipso,
1048 968 1096 1006 et
1117 957 1386 1006 secundum
1409 958 1544 1022 quod
1568 959 1616 1005 in
1641 959 1743 1023 ipsa
1773 957 1861 1005 Dei
1887 957 2202 1023 dispositione
2223 956 2422 1004 ordina-

280 1047 381 1085 tum
405 1055 507 1085 esse
530 1039 682 1088 novit.
709 1039 853 1087 Unde
878 1049 1065 1086 certum
1092 1049 1162 1087 est
1185 1042 1341 1086 Deum
1368 1055 1468 1085 non
1495 1055 1634 1104 posse
1657 1039 1803 1086 latere
1834 1038 1951 1103 quid
1982 1047 2091 1102 agat
2114 1037 2335 1104 Spiritus,
2361 1053 2420 1085 eo

279 1118 582 1185 disponente.

347 1218 372 1244 «
391 1200 578 1248 Scimus
598 1200 746 1247 enim.
763 1220 786 1245 n
803 1204 1050 1266 Tanquam
1073 1202 1242 1266 aliquis
1257 1218 1513 1267 opponens
1531 1201 1729 1263 diceret,
1744 1200 1994 1267 quomodo
2018 1199 2212 1265 adjuvet
2231 1198 2423 1265 spiritus

278 1296 401 1344 quos
430 1290 501 1327 tot
528 1280 748 1328 videmus
771 1281 1113 1330 afflictionibus
1136 1282 1375 1342 laborare,
1405 1282 1519 1330 dicit
1544 1283 1657 1348 quia
1689 1293 1737 1330 et
1766 1283 1893 1348 ipsas
1916 1282 2198 1330 afflictiones
2231 1289 2278 1327 et
2301 1295 2424 1344 quae-

278 1376 468 1424 cunque
503 1361 731 1408 accidunt
767 1355 963 1423 sanctis,
1004 1373 1103 1410 tam
1139 1379 1370 1428 prospera
1400 1362 1580 1410 scilicet
1609 1380 1757 1428 quam
1790 1362 2019 1420 adversa,
2051 1362 2101 1408 in
2131 1360 2331 1408 bonum
2357 1359 2426 1406 eis

278 1441 540 1501 convertit,
581 1451 628 1489 et
663 1441 725 1489 ad
758 1459 927 1490 eorum
964 1442 1216 1490 utilitatem
1259 1443 1496 1509 perducit.
1536 1444 1632 1502 Qui
1670 1459 1786 1491 vero
1819 1443 1915 1490 sint
1949 1442 2198 1506 diligentes
2232 1442 2388 1488 Deum
2409 1477 2422 1499 ‚

278 1522 509 1586 supponit
538 1522 703 1570 dicens
730 1541 740 1570 ε
773 1542 795 1568 «
813 1524 896 1571 His
920 1525 1003 1589 qui
1032 1524 1189 1571 vocati
1213 1534 1325 1571 sunt
1344 1525 1513 1584 sancti,
1539 1545 1561 1567 »
1589 1523 1639 1571 id
1665 1533 1737 1572 est
1761 1524 1960 1571 internae
1985 1521 2252 1571 vocationis
2278 1519 2427 1586 inspi-

279 1602 464 1648 ratione
488 1602 786 1660 sanctificati,
812 1604 1117 1651 «secundum
1139 1606 1446 1670 propositum
1462 1605 1591 1652 Dei»
1611 1605 1772 1670 potius
1797 1620 1943 1668 quam
1968 1602 2235 1651 secundum
2258 1617 2429 1650 eorum

281 1681 596 1746 praecedentia
620 1684 809 1741 merita,
837 1684 886 1730 id
918 1695 987 1731 est
1017 1685 1285 1732 secundum
1314 1685 1410 1732 hoc
1437 1686 1598 1750 potius
1619 1684 1755 1749 quod
1779 1684 1951 1732 divinae
1984 1684 2143 1748 gratiae
2173 1682 2426 1748 placuerit,

281 1778 427 1827 quam
457 1763 726 1810 secundum
755 1763 852 1811 hoc
883 1764 1016 1829 quod
1044 1765 1135 1830 ipsi
1167 1774 1464 1812 meruerunt.
1498 1786 1520 1809 «
1545 1769 1663 1812 Nam
1687 1782 1811 1830 quos
1839 1765 2091 1830 praescivit.
2117 1782 2139 1808 »
2167 1762 2430 1827 Exequitur

282 1843 533 1908 diligenter
565 1844 817 1908 quomodo
852 1845 1120 1892 secundum
1153 1846 1458 1911 propositum
1490 1847 1596 1906 Dei,
1635 1845 1685 1893 id
1718 1859 1787 1893 est
1815 1845 1987 1892 divinae
2021 1845 2179 1908 gratiae
2201 1843 2430 1909 placitum

282 1923 378 1970 sint
399 1923 698 1983 sanctificati,
730 1924 894 1971 dicens
923 1927 1036 1990 quia
1066 1943 1189 1991 quos
1212 1926 1462 1992 praescivit,
1493 1926 1809 1991 postmodum
1833 1936 1880 1973 et
1903 1922 2288 1992 praedestinando
2309 1939 2430 1971 con-

285 2003 461 2050 formes
480 2004 671 2052 Christo
696 2004 921 2052 reddidit.
950 2007 1079 2054 Scire
1098 2007 1273 2054 dicitur
1296 2009 1424 2054 Deus
1452 2023 1510 2054 ea
1532 2024 1639 2072 quae
1661 2006 1919 2072 approbat,
1942 2016 1990 2053 et
2008 2022 2114 2070 quae
2139 2005 2240 2069 ejus
2259 2003 2432 2051 notitia
2466 2045 2470 2048 .

284 2093 394 2130 sunt
429 2084 598 2148 digna,
635 2085 769 2149 juxta
800 2085 940 2133 illud²
964 2105 1007 2134 z«
1030 2087 1173 2134 Novit
1203 2088 1443 2135 Dominus
1478 2087 1605 2135 viam
1631 2087 1894 2151 justorum,
1914 2107 1937 2130 2>
1967 2087 2089 2134 sicut
2126 2102 2152 2133 e
2187 2084 2431 2132 contrario

286 2163 410 2211 mala
433 2165 653 2228 ignorare
675 2165 749 2212 vel
771 2167 955 2214 nescire
981 2166 1172 2215 dicitur.
1200 2170 1338 2215 Juxta
1362 2167 1497 2232 quod
1522 2159 1623 2233 ipse
1647 2166 1793 2215 Filius
1817 2165 2036 2233 reprobis
2058 2166 2149 2214 ait²
2174 2183 2185 2211 ε
2216 2184 2240 2210 «
2262 2164 2431 2212 Nescio

284 2262 432 2292 vos.»
480 2245 590 2293 lllos
625 2246 784 2310 itaque
823 2248 1064 2312 praescisse
1103 2248 1297 2310 dicitur,
1335 2264 1546 2314 quorum
1584 2257 1844 2311 antequam
1880 2257 2037 2295 essent
2074 2247 2283 2294 futuram
2314 2244 2434 2294 elec-

287 2326 470 2394 tionem
489 2325 792 2391 approbavit.
816 2330 1145 2393 Quoscunque
1167 2329 1329 2393 itaque
1354 2329 1422 2376 sic
1442 2329 1695 2394 praescivit,
1718 2346 1802 2376 eos
1824 2327 2140 2394 postmodum
2160 2323 2432 2392 «praedesti-

288 2406 436 2467 navit,
471 2425 493 2450 »
531 2406 580 2453 id
603 2417 672 2454 est
699 2407 839 2455 donis
859 2409 1017 2472 gratiae
1042 2426 1136 2456 suae
1161 2410 1459 2475 praeparavit.
1490 2409 1850 2457 Praedestinatio
1873 2408 2052 2474 quippe
2076 2407 2240 2455 divina
2262 2405 2437 2453 dicitur

287 2487 573 2552 praeparatio
597 2489 773 2551 gratiae,
799 2506 904 2553 quae
937 2489 986 2535 in
1015 2489 1176 2537 electis
1199 2499 1390 2537 tantum
1418 2499 1503 2536 est.
1533 2510 1556 2534 α
1577 2489 1950 2548 Praedestinavit,
1978 2508 2001 2532 »
2029 2488 2246 2552 inquam,
2277 2507 2299 2530 t<
2318 2502 2436 2533 con-

287 2567 462 2614 formes
486 2566 603 2614 fieri.
626 2587 648 2612 »
672 2569 724 2615 ld
745 2569 896 2617 estad
914 2569 1011 2617 hoc
1031 2580 1086 2617 ut
1103 2570 1280 2618 similes
1302 2569 1489 2631 fierent,
1507 2570 1764 2633 «imaginis
1787 2569 1892 2616 Filii
1911 2569 2002 2630 sui,
2020 2587 2043 2613 »
2065 2568 2115 2615 id
2135 2577 2205 2615 est
2225 2566 2433 2626 Christo,

287 2647 371 2709 qui
402 2657 472 2694 est
495 2649 652 2712 imago
677 2650 784 2710 Dei,
812 2649 862 2697 id
895 2660 966 2698 est
992 2667 1215 2716 expressa
1247 2650 1512 2698 similitudo
1552 2650 1730 2710 Patris,
1759 2651 1807 2696 in
1834 2648 2060 2696 omnibus
2093 2648 2271 2695 scilicet
2294 2646 2438 2694 bonis

290 2726 332 2772 ei
366 2728 561 2791 aequalis
592 2729 861 2777 secundum
886 2730 1186 2778 divinitatem
1203 2768 1216 2792 ,
1250 2730 1383 2794 juxta
1417 2730 1536 2778 illud
1559 2730 1694 2795 quod
1718 2730 1809 2777 ait³
1835 2748 1845 2776 z
1883 2750 1905 2775 κ
1931 2729 2174 2794 philippe,
2201 2728 2285 2793 qui
2311 2725 2440 2774 videt

294 2821 369 2851 me
393 2806 523 2853 videt
551 2818 599 2854 et
635 2811 840 2869 Patrem,
860 2829 884 2855 »
911 2827 965 2858 ac
996 2812 1036 2858 si
1057 2810 1256 2870 diceret,
1283 2811 1397 2875 quia
1421 2827 1480 2858 ex
1512 2828 1591 2859 me
1625 2812 1806 2875 integre
1837 2810 2064 2874 cognosci
2098 2818 2256 2874 potest
2287 2805 2441 2871 qualis

297 2883 369 2930 vel
400 2902 545 2949 quam
579 2887 739 2936 bonus
764 2890 866 2954 ipse
895 2891 956 2938 sit
987 2894 1141 2939 Pater.
1167 2894 1301 2938 Tunc
1330 2900 1491 2939 autem
1514 2890 1706 2939 Christo
1737 2890 2118 2950 conformamur,
2155 2889 2194 2936 si
2229 2898 2439 2936 veterem

298 2964 546 3012 hominem
595 2984 707 3015 cum
749 2969 932 3017 actibus
981 2972 1082 3018 suis
1121 2971 1422 3036 deponentes
1439 3009 1452 3033 ,
1494 2973 1654 3037 ipsum
1698 2971 1955 3019 induamus
2000 2970 2242 3018 Christum
2261 3005 2274 3028 ,
2317 2968 2441 3015 sicut

296 3044 529 3109 scriptum
565 3048 663 3093 θεῖδ
687 3066 696 3093 :
728 3068 750 3093 «
774 3050 868 3106 Qui
903 3049 1018 3096 dicit
1049 3067 1099 3097 se
1129 3051 1179 3097 in
1204 3050 1393 3098 Christo
1423 3068 1645 3111 manere,
1672 3051 1816 3099 debet
1848 3052 1971 3098 sicut
2000 3050 2078 3097 ille
2103 3047 2366 3096 ambulavit
2394 3056 2442 3095 et

296 3124 398 3188 ipse
421 3124 684 3173 ambulare.
709 3147 731 3170 »
759 3131 851 3188 Ita,
882 3129 1099 3194 inquam,
1137 3130 1412 3178 conformes
1450 3131 1570 3191 fieri,
1615 3141 1713 3179 «ut
1744 3132 1804 3178 sit
1838 3131 1939 3196 ipse
1974 3129 2195 3177 videlicet
2226 3127 2441 3175 Christus

342 3314 346 3328 ¹
368 3307 498 3342 Psalm.
519 3317 541 3348 ι,
559 3318 590 3342 v.
607 3310 638 3343 6.
664 3327 704 3333 —
717 3310 728 3329 2
747 3310 878 3350 Manli„
897 3319 967 3352 cap.
994 3321 1073 3354 xxv,
1092 3322 1121 3344 v.
1144 3314 1194 3346 12.
1219 3329 1256 3336 -
1272 3313 1284 3332 ³
1297 3312 1389 3345 Joan.
1405 3339 1410 3354 ,
1426 3322 1499 3355 cap.
1518 3322 1585 3352 xiv,
1601 3323 1633 3347 v.
1649 3315 1679 3347 9.
1697 3331 1734 3336 -
1752 3313 1763 3332 ⁴
1776 3311 1872 3345 Joan.
1892 3312 1918 3352 1,
1935 3320 2009 3352 cap.
2026 3319 2062 3352 ιι,
2080 3320 2110 3345 v.
2127 3314 2160 3345 6.
