2638 3866
352 233 449 280 470
1156 224 1328 273 PETRI
1365 223 1679 274 ABAELARDI

353 330 708 379 formationem.
746 326 884 374 Unde
922 335 972 373 et
1004 325 1144 373 vilius
1176 325 1273 374 hoc
1302 325 1459 391 ipsum
1492 334 1690 391 apparet
1726 323 1858 389 quod
1888 323 2062 373 dicitur
2090 324 2305 388 idolum,
2339 345 2485 394 quam

353 410 487 475 quod
515 409 688 456 dicitur
719 407 933 470 lignum3
969 420 1083 454 cum
1103 404 1223 453 illud
1256 405 1486 454 factitium
1515 405 1598 467 sit,
1625 404 1721 453 hoc
1747 403 1979 453 naturale.
2006 405 2056 452 Si
2079 406 2242 471 itaque
2270 410 2488 474 potentia

353 490 458 548 Dei,
492 489 591 536 sive
622 487 874 553 sapientia,
910 496 993 534 aut
1024 486 1167 534 etiam
1200 499 1312 552 pars
1339 485 1523 550 aliqua,
1561 501 1644 533 seu
1669 484 1799 533 aliud
1830 484 2011 550 aliquid
2042 485 2091 533 in
2122 489 2227 534 Deo
2262 488 2324 535 sit
2354 489 2488 553 quod

353 573 481 616 Deus
511 585 612 615 non
640 568 716 629 sit,
750 568 915 632 utique
945 566 1006 615 ab
1029 567 1136 633 ipso
1167 566 1381 632 incoepit,
1415 583 1442 614 a
1471 583 1570 631 quo
1601 575 1713 616 sunt
1737 566 1901 615 omnia
1928 583 1939 613 ε
1965 565 2101 630 quod
2124 566 2166 614 si
2190 567 2386 633 incoepit
2407 579 2490 618 aut

353 649 568 714 potentia
595 648 696 713 ejus
714 658 798 696 aut
819 648 1070 714 sapientia,
1095 647 1312 713 profecto
1337 647 1438 713 ipse
1463 646 1547 711 qui
1580 655 1784 695 aeternus
1808 655 1880 695 est
1899 646 2054 694 extitit
2073 645 2254 714 absque
2286 648 2404 707 istis»,
2435 659 2489 697 ut

325 769 335 774 .,
353 728 573 776 videlicet
595 745 693 776 non
713 744 902 794 semper
920 737 1002 777 aut
1026 737 1198 793 potens
1222 727 1361 774 fuerit
1387 737 1469 775 aut
1491 727 1695 792 sapiens,
1722 725 1879 774 donec
1901 725 2079 774 scilicet
2115 727 2216 792 ipse
2249 726 2491 794 impotens

353 809 402 855 in
442 808 599 874 seipso
635 809 901 873 potentiam
935 816 1156 865 creasset,
1181 817 1264 855 aut
1287 806 1446 856 adhuc
1477 807 1704 872 iusipiens
1734 806 2018 871 sapientiam
2052 806 2144 855 sibi
2177 807 2489 856 condidisset.

355 891 472 947 Quae
500 905 612 936 cum
644 888 806 936 fecerit
832 888 1014 953 absque
1039 887 1326 936 discretione
1346 887 1605 952 sapientiae,
1636 886 1818 951 quippe
1842 902 1990 949 quam
2017 886 2240 937 nondum
2262 886 2490 945 babebat,

355 969 519 1033 utique
550 968 785 1016 nonnulla
819 969 919 1033 ejus
950 984 1100 1034 opera
1130 966 1474 1015 irrationabilia
1507 976 1638 1014 sunt.
1674 967 1723 1013 Si
1754 966 1862 1031 quis
1894 975 2055 1015 autem
2085 966 2215 1015 dicat
2246 966 2493 1031 qualitates

355 1049 403 1096 in
440 1051 542 1095 Deo
581 1049 648 1096 sic
686 1065 811 1111 esse,
850 1058 903 1096 ut
937 1065 1027 1096 nec
1064 1051 1192 1095 Deus
1229 1048 1341 1108 sint,
1372 1064 1463 1094 nec
1495 1063 1522 1094 a
1555 1049 1658 1094 Deo
1695 1046 1846 1108 factae,
1880 1045 1961 1094 sed
1998 1046 2048 1095 in
2083 1049 2187 1095 Deo
2215 1047 2498 1095 aeternaliter

356 1138 709 1192 permanenteS,
741 1138 885 1193 atque
912 1129 1001 1194 ipsi
1029 1127 1201 1175 divinae
1237 1126 1526 1188 substantiae,
1548 1127 1598 1174 in
1627 1142 1724 1195 qua
1750 1135 1881 1184 sunt,
1907 1135 2168 1175 coaeternas
2191 1143 2294 1176 esse
2329 1145 2340 1174 ε
2367 1144 2495 1191 quae-

357 1209 564 1256 rendum
601 1218 771 1268 restat,
820 1218 985 1255 utrum
1032 1209 1076 1256 ei
1120 1207 1495 1256 substantialiter
1534 1223 1596 1254 an
1647 1206 2004 1257 accidentaliter
2050 1207 2217 1255 insint.
2256 1208 2305 1255 Si
2338 1217 2499 1256 autem

363 1290 751 1348 substantialiter,
785 1299 837 1336 ut
875 1289 1053 1337 scilicet
1083 1289 1300 1337 divinam
1332 1288 1644 1338 substantiam
1682 1287 1964 1348 conficiant3
2006 1288 2224 1354 profecto
2259 1289 2364 1354 ipso
2395 1290 2500 1336 Deo

363 1370 639 1417 naturaliter
659 1371 844 1436 priores
867 1369 1108 1429 videntur,
1137 1369 1215 1416 cui
1240 1385 1342 1417 esse
1365 1369 1644 1430 conferunt,
1679 1369 1801 1416 sicut
1821 1368 2114 1417 rationalitas
2142 1369 2344 1417 homine
2365 1369 2501 1434 prior

363 1450 555 1511 dicitur,
583 1450 694 1514 quia
719 1450 818 1514 ejus
841 1449 1020 1499 scilicet
1052 1449 1355 1497 constitutiva
1379 1458 1449 1495 est
1472 1449 1644 1509 forma,
1670 1458 1815 1514 atque
1837 1449 1886 1496 in
1910 1449 2013 1514 ipsa
2035 1449 2136 1513 ejus
2157 1449 2501 1498 constitutione

363 1546 473 1595 pars
507 1529 729 1594 quaedam
763 1530 974 1578 formalis
1003 1539 1093 1591 est,
1123 1529 1260 1593 cujus
1291 1538 1533 1576 conventu
1563 1528 1626 1576 ad
1651 1528 1966 1577 substantiam
2000 1530 2235 1590 animalis,
2272 1529 2407 1594 quasi
2439 1529 2502 1577 ad

367 1610 634 1671 materiam,
675 1610 826 1657 homo
865 1611 966 1675 ipse
1004 1608 1265 1676 perficitur.
1311 1613 1405 1656 Nec
1437 1609 1580 1657 refert
1614 1610 1758 1657 etiam
1789 1600 2272 1659 adconstitutionem
2303 1626 2407 1674 quae
2444 1626 2503 1657 ex

367 1690 562 1736 materia
599 1689 730 1736 venit
767 1699 816 1737 et
853 1690 1025 1751 forma,
1068 1690 1166 1737 sive
1198 1689 1428 1754 sapientia
1452 1707 1558 1754 quae
1595 1690 1717 1737 inest
1753 1692 1857 1738 Deo
1894 1690 1954 1737 sit
1980 1691 2024 1738 ei
2048 1690 2368 1739 substantialis
2407 1690 2504 1737 sive

365 1769 686 1826 accidentalis,
720 1768 989 1817 dummodo
1019 1770 1077 1817 sit
1112 1770 1264 1818 forma
1295 1770 1455 1834 aliqua
1488 1771 1538 1817 in
1567 1773 1670 1818 Deo
1703 1779 1750 1817 et
1775 1787 1851 1818 res
1885 1770 2072 1819 diversa
2101 1770 2161 1818 ab
2202 1771 2304 1837 ipsa
2343 1770 2505 1818 divina

365 1848 646 1897 substantia.
673 1849 897 1898 Similiter
920 1849 1049 1898 enim
1071 1849 1222 1896 homo
1243 1849 1382 1897 albus
1403 1850 1479 1897 vel
1503 1867 1679 1915 corpus
1707 1849 1872 1897 album
1896 1867 1950 1897 ex
1975 1849 2173 1897 homine
2194 1850 2270 1898 vel
2294 1864 2503 1915 corpore

365 1938 411 1976 et
434 1929 656 1977 albedine
675 1938 863 1976 constat
887 1929 948 1976 ad
970 1928 1333 1977 similitudinem
1360 1931 1566 1978 materiae
1588 1939 1634 1977 et
1657 1929 1838 1987 formae,
1867 1929 1989 1977 sicut
2008 1946 2130 1978 aerea
2151 1939 2307 1977 statua
2330 1946 2387 1976 ex
2412 1944 2505 1976 aere

366 2019 414 2056 et
441 2010 792 2075 compositione
818 2027 829 2055 ε
856 2019 1001 2074 atque
1023 2008 1191 2057 eadem
1225 2011 1411 2058 ratione
1443 2018 1634 2075 oportet
1664 2009 1866 2057 concedi
1896 2009 2031 2074 quod
2065 2013 2194 2057 Deus
2226 2009 2417 2075 sapiens
2449 2025 2507 2056 ex

366 2091 470 2154 ipsa
501 2089 762 2137 divinitatis
799 2088 1065 2137 substantia
1099 2099 1147 2136 et
1181 2090 1410 2154 sapientia
1448 2091 1843 2149 constitueretur3
1882 2089 1922 2136 si
1951 2089 2174 2137 videlicet
2207 2090 2257 2136 in
2293 2091 2398 2136 Deo
2433 2104 2508 2136 res

366 2169 459 2217 alia
494 2179 616 2217 esset
651 2185 680 2217 a
715 2172 843 2230 Deo,
883 2169 1018 2232 cujus
1053 2180 1294 2217 conventu
1327 2169 1390 2218 ad
1421 2170 1735 2218 substantiam
1774 2170 1928 2235 ipsam
1966 2172 2095 2217 Deus
2130 2170 2319 2234 sapiens
2355 2180 2504 2228 esset,

368 2249 556 2298 duabus
591 2250 796 2297 invicem
827 2248 1230 2297 convenientibus
1257 2249 1402 2298 rebus
1428 2268 1438 2297 ε
1466 2267 1523 2299 ac
1545 2268 1632 2316 per
1661 2250 1757 2298 hoc
1789 2253 1945 2298 Deum
1971 2251 2237 2315 sapientem
2259 2249 2508 2315 quoddam

370 2346 470 2377 esse
500 2340 656 2377 totum
688 2346 744 2376 ex
779 2331 978 2377 materia
1009 2339 1056 2377 et
1083 2330 1237 2378 forma
1261 2332 1603 2396 compositum,
1631 2332 1881 2397 ipsamque
1913 2331 2161 2378 materiam
2192 2347 2248 2378 ac
2283 2317 2505 2388 formam,

371 2428 427 2457 ex
463 2410 638 2475 quibus
673 2409 943 2470 conficitur,
981 2411 1270 2476 principium
1300 2412 1372 2458 sui
1405 2412 1601 2459 habere.
1625 2412 1743 2475 Quis
1778 2412 1918 2460 etiam
1951 2411 2110 2459 dicere
2141 2420 2396 2476 praesumat
2429 2410 2511 2457 ali-

373 2490 491 2554 quid
523 2493 626 2538 Deo
661 2507 747 2555 per
781 2490 1005 2538 accidens
1035 2507 1175 2555 posse
1207 2492 1380 2552 inesse,
1421 2501 1468 2538 et
1492 2491 1651 2556 ipsum
1679 2507 1876 2556 quoque
1904 2490 2229 2539 accidentibus
2262 2506 2364 2538 esse
2396 2489 2511 2537 sub-

369 2571 550 2633 jectum
576 2590 587 2618 z
614 2570 748 2635 quod
774 2571 995 2618 omnium
1022 2580 1121 2618 tam
1154 2571 1556 2636 philosophorum
1586 2588 1735 2635 quam
1762 2570 2111 2619 catholicorum
2142 2570 2512 2618 anathematizat

374 2651 662 2699 auctoritas?
697 2651 836 2698 Unde
859 2651 1143 2714 Augustinus
1173 2649 1231 2699 de
1271 2653 1503 2698 Trz'nz'tate
1525 2651 1645 2699 libro
1673 2654 1728 2711 V,
1772 2652 1982 2717 capitulo
2007 2668 2057 2698 1v
2083 2669 2093 2697 ε
2127 2670 2147 2696 α
2167 2650 2395 2698 Accidens
2417 2649 2511 2697 dici

375 2749 473 2778 non
505 2732 641 2793 solet,
677 2732 766 2779 nisi
799 2731 932 2797 quod
957 2732 1113 2797 aliqua
1147 2732 1412 2783 mutatione
1439 2733 1541 2797 ejus
1569 2733 1656 2791 rei,
1682 2733 1759 2780 cui
1789 2732 1982 2791 accidit,
2010 2732 2162 2779 amitti
2184 2740 2360 2796 potest.
2387 2730 2511 2779 Nihil

375 2813 534 2877 itaque
571 2812 794 2860 accidens
820 2812 868 2859 in
895 2814 1017 2873 Deo,
1052 2812 1166 2877 quia
1201 2811 1321 2859 nihil
1353 2813 1603 2875 mutabile,
1634 2823 1716 2860 aut
1739 2812 2013 2860 amissibile.
2044 2811 2370 2870 Quamobrem
2394 2810 2511 2857 nihil

379 2892 426 2937 in
460 2909 519 2938 eo
548 2892 815 2940 secundum
845 2891 1066 2944 accidens
1089 2892 1281 2953 dicitur,
1307 2893 1422 2957 quia
1451 2893 1567 2940 nihil
1594 2893 1638 2940 ei
1666 2893 1865 2950 accidit;
1898 2908 1988 2939 nec
2014 2901 2174 2939 tamen
2206 2907 2350 2939 omne
2379 2889 2511 2954 quod

379 2970 569 3027 dicitur,
610 2971 875 3019 secundum
909 2971 1223 3019 substantiam
1261 2972 1452 3020 dicitur.
1492 2974 1676 3020 Dicitur
1709 2974 1838 3021 enim
1872 2972 1933 3021 ad
1970 2972 2181 3036 aliquid,
2222 2972 2342 3018 sicut
2377 2972 2514 3016 Pater

380 3049 442 3096 ad
477 3051 664 3112 Filium,
700 3062 744 3099 et
780 3051 923 3098 Filius
956 3052 1017 3099 ad
1052 3055 1257 3110 Patrem,
1290 3053 1423 3117 quod
1455 3070 1554 3100 non
1588 3064 1660 3101 est
1696 3053 1918 3101 accidens
1945 3071 1956 3099 :
1986 3053 2098 3117 quia
2132 3062 2180 3099 et
2212 3050 2291 3098 ille
2325 3066 2514 3115 semper

383 3132 536 3189 Pater,
574 3140 618 3176 et
654 3130 732 3177 ille
766 3147 956 3195 semper
990 3131 1150 3178 Filius.
1186 3132 1330 3190 Quod
1364 3133 1404 3180 si
1435 3133 1693 3197 aliquando
1728 3150 1830 3180 esse
1862 3133 2105 3197 coepisset,
2142 3140 2224 3178 aut
2254 3128 2512 3193 aliquando

381 3225 482 3255 esse
505 3208 740 3256 desineret
769 3210 938 3269 Filius,
966 3211 1232 3259 secundum
1257 3212 1478 3259 accidens
1500 3213 1755 3260 diceretur.
1787 3213 1834 3258 Si
1855 3228 1970 3258 vero
1994 3210 2127 3275 quod
2159 3210 2332 3257 dicitur
2355 3213 2510 3267 Pater,

383 3288 443 3339 ad
468 3289 675 3352 seipsum
705 3288 959 3351 diceretur,
986 3307 1085 3337 non
1116 3291 1175 3339 ad
1202 3292 1394 3352 Filium;
1422 3292 1688 3340 secundum
1717 3291 2032 3340 substantiam
2063 3290 2317 3339 diceretur.
2340 3310 2362 3335 2>
2399 3293 2516 3336 Pr-ae·
