2638 3866
1148 197 1479 248 APPENDlX.
2295 203 2392 254 769

245 288 330 332 hoc
357 286 476 348 quod
508 290 584 348 qui
616 290 787 335 videtur
813 307 904 338 esse
933 293 1240 341 multitud....⁸
1262 298 1378 343 unde
1408 310 1452 343 et
1478 300 1739 360 praecipitur,
1768 301 1885 361 quod
1910 317 1935 346 a
1962 303 2143 347 sabbato
2171 319 2304 364 usque
2337 305 2392 348 ad

244 366 471 413 sabbatum
493 380 700 424 servetur,
725 372 833 415 sicut
855 372 910 416 de
936 374 1119 433 panibus
1144 379 1446 438 propositionis
1465 379 1625 424 factum
1648 381 1774 426 fuisse
1797 383 1966 444 legitur,
1991 399 2016 427 a
2044 384 2237 428 muribus
2264 385 2391 428 etiam

245 447 420 492 corrodi
448 449 634 507 videtur,
665 462 709 496 et
740 452 795 496 de
820 468 952 497 manu
980 456 1210 501 sacerdotis
1238 458 1306 503 vel
1339 460 1509 504 diaconi
1538 462 1582 505 in
1611 473 1724 506 terra
1755 463 1925 508 cadere.
1955 465 2010 508 Et
2040 464 2141 509 ideo
2171 466 2390 525 quaeritur,

244 544 376 589 quare
397 530 514 574 Deus
534 532 754 591 permittat
780 532 860 576 ista
883 533 975 578 fieri
995 535 1041 578 in
1068 552 1251 597 corpore
1277 555 1373 585 suo.
1403 541 1472 584 An
1509 541 1696 586 fortassis
1719 559 1806 587 non
1833 545 1891 587 ita
1918 543 1992 588 fiat
2013 545 2058 588 in
2084 562 2286 606 corpore,
2315 546 2391 590 sed

243 619 411 653 tantum
438 611 498 654 ita
520 611 648 655 faciat
679 628 886 673 apparere
914 615 959 657 in
984 617 1150 675 specie?
1172 618 1242 661 Ad
1268 619 1387 678 quod
1414 620 1594 665 dicimus
1624 622 1743 682 quod
1766 639 1914 667 revera
1939 641 2028 668 non
2053 636 2116 669 est
2142 625 2201 669 sic
2226 626 2270 669 in
2293 642 2390 670 cor-

242 705 373 750 pore,
411 691 488 734 sed
517 693 633 736 Deus
667 693 727 736 ita
756 695 801 736 in
833 695 1053 755 speciebus
1083 697 1182 756 ipsis
1213 712 1390 760 propter
1422 702 1727 763 negligentiam
1755 704 2046 748 ministrorum
2074 706 2388 766 reprimendam

241 768 401 814 habere
431 770 561 828 facit;
593 787 749 834 corpus
775 791 878 819 vero
910 792 1051 832 suum,
1079 789 1210 837 prout
1240 780 1281 823 ei
1311 780 1467 840 placet,
1497 785 1670 844 reponit
1693 795 1737 828 et
1765 796 2006 829 conservat.
2032 806 2048 823 υ

652 927 705 966 X.
727 926 841 977 Quod
860 936 1021 981 propter
1041 941 1163 982 opera
1180 941 1254 968 nec
1273 930 1427 980 melior,
1448 944 1520 971 nec
1539 931 1650 984 pejor
1669 932 1835 972 efficitur
1850 932 1984 974 homo.

304 1067 322 1084 «ι
344 1047 463 1091 Solet
480 1048 615 1108 quaeri
632 1047 737 1108 quid
762 1063 787 1091 a
806 1048 995 1093 Domino
1017 1060 1330 1107 remuneretur,
1350 1066 1473 1112 opus,
1496 1067 1552 1095 an
1569 1052 1766 1106 intentio,
1789 1066 1863 1094 seu
1885 1061 2130 1111 utrumque.
2149 1051 2390 1094 Auctoritas

241 1138 389 1173 autem
410 1129 582 1173 videtur
603 1129 712 1174 velle
741 1128 860 1189 quod
887 1146 1018 1190 opera
1036 1146 1061 1174 a
1082 1131 1177 1174 Deo
1195 1131 1450 1175 aeternaliter
1468 1143 1822 1188 remunerentur3
1850 1132 1909 1175 ait
1927 1147 2112 1192 namque
2129 1131 2359 1192 Apostolus
2376 1148 2385 1175 :

244 1232 263 1250 «
280 1211 451 1256 Reddet
472 1214 586 1257 Deus
617 1214 847 1273 unicuique
871 1213 1109 1257 secundum
1131 1230 1263 1275 opera
1285 1230 1376 1259 sua.
1399 1235 1416 1254 ι»
1444 1216 1499 1258 Et
1519 1216 1776 1259 Athanasius
1802 1216 1862 1258 ait
1886 1230 1896 1258 z
1926 1235 1943 1253 «ι
1961 1214 2186 1259 Reddituri
2213 1225 2311 1258 sunt
2333 1214 2388 1259 de

235 1291 358 1336 factis
391 1294 576 1354 propriis
605 1294 834 1337 rationem.
860 1314 876 1332 n
911 1294 967 1336 Et
996 1294 1127 1354 paulo
1156 1305 1255 1356 post
1286 1295 1346 1338 ait
1377 1311 1389 1340 t
1422 1316 1438 1334 «ι
1460 1296 1516 1338 Et
1550 1296 1625 1356 qui
1655 1296 1772 1339 bona
1804 1307 1983 1357 egerunt
2018 1296 2143 1339 ibunt
2176 1296 2221 1338 in
2256 1295 2385 1338 vitam

237 1382 459 1429 aeternam,
476 1374 550 1433 qui
571 1390 674 1418 vero
695 1373 826 1429 mala,
850 1374 896 1417 in
918 1374 1063 1435 ignem
1077 1386 1300 1419 aeternum.
1323 1397 1339 1414 »
1368 1376 1459 1419 Nos
1481 1391 1585 1419 vero
1607 1375 1805 1431 dicimus,
1831 1376 1949 1436 quod
1974 1376 2229 1419 aeternaliter
2247 1391 2270 1418 a
2293 1375 2386 1418 Deo

234 1465 578 1508 remunerentur,
603 1456 690 1499 sive
712 1455 768 1498 ad
789 1455 956 1499 bonum
969 1487 981 1508 ,
1006 1456 1093 1499 sive
1116 1455 1173 1499 ad
1194 1455 1355 1500 malum
1378 1471 1389 1499 ι
1415 1471 1495 1499 nec
1525 1467 1700 1516 propter
1722 1472 1854 1516 opera
1875 1458 2012 1517 pejor,
2031 1455 2099 1499 vel
2121 1455 2274 1499 melior
2295 1453 2388 1498 effi-

233 1533 343 1576 citur
374 1535 531 1590 homo,
570 1536 652 1578 nisi
680 1535 785 1579 dum
813 1547 1031 1596 operatur,
1065 1536 1252 1580 fortassis
1273 1537 1588 1593 voluntas'ejus
1619 1537 1663 1579 in
1694 1536 1836 1595 aliquo
1870 1547 2184 1596 augmentetur.
2210 1536 2302 1579 Nec
2324 1546 2386 1578 est

232 1625 383 1658 contra
406 1616 667 1676 Apostolum
687 1617 756 1660 vel
773 1617 878 1661 alios
902 1629 1112 1673 auctores,
1132 1618 1318 1677 quicum
1332 1616 1560 1678 Apostolus
1583 1617 1690 1661 dixit
1707 1632 1717 1661 z
1742 1637 1760 1654 κ
1776 1615 1949 1660 Reddet
1968 1617 2214 1676 unicuique,
2239 1626 2342 1664 etc.,
2364 1637 2380 1652 ›-

232 1695 293 1738 ibi
316 1695 519 1740 effectum
542 1713 621 1757 pro
642 1713 769 1741 causa
791 1699 955 1758 posuit,
977 1714 1084 1759 opus
1106 1698 1265 1742 scilicet
1285 1714 1365 1758 pro
1386 1697 1607 1742 voluntate
1630 1713 1704 1741 seu
1727 1697 1991 1741 intentione.
2023 1718 2041 1736 »ι

233 1847 304 1888 XI.
333 1846 449 1896 Quod
480 1859 560 1886 non
590 1855 854 1901 peccaverunt
882 1847 951 1900 qui
976 1847 1172 1888 Christum
1211 1846 1487 1887 crucifixerunt
1522 1846 1771 1901 ignorantem
1799 1855 1837 1887 et
1864 1845 1970 1900 quod
1996 1858 2075 1885 non
2104 1845 2153 1885 sit
2176 1846 2299 1900 culpae
2315 1848 2386 1887 ad-

843 1913 1094 1953 scribendum
1120 1912 1312 1966 quidquid
1336 1913 1377 1952 fit
1401 1927 1473 1966 per
1495 1912 1770 1966 ignorantiam.

296 2050 314 2067 «
341 2031 534 2091 Opponit
561 2031 615 2075 de
637 2032 797 2076 Judaeis
825 2033 899 2092 qui
919 2034 1134 2076 Christum
1165 2033 1466 2076 crucifixerunt
1497 2043 1542 2076 et
1563 2031 1617 2075 de
1641 2031 1733 2074 aliis
1762 2031 1837 2090 qui
1860 2041 2067 2090 martyres
2087 2031 2382 2091 persequendo

230 2111 445 2171 putabant
475 2127 519 2155 se
551 2112 805 2172 obsequium
836 2124 1038 2173 praestare
1073 2115 1166 2158 Deo
1202 2131 1212 2157 ε
1250 2125 1294 2157 et
1323 2113 1377 2156 de
1409 2114 1499 2155 Eva
1530 2127 1627 2171 quae
1658 2127 1748 2154 non
1776 2111 1864 2171 egit
1893 2121 2043 2153 contra
2077 2111 2380 2154 conscientiam

231 2192 438 2252 quoniam
473 2192 649 2237 seducta
680 2204 760 2248 est,
791 2204 834 2237 et
861 2205 1007 2237 tamen
1042 2205 1206 2238 certum
1229 2205 1293 2238 est
1316 2209 1412 2238 eam
1433 2207 1646 2254 peccasse.
1683 2190 1753 2234 Ad
1786 2189 1905 2250 quod
1939 2206 2018 2234 nos
2050 2190 2231 2234 dicimus
2263 2191 2380 2250 quod

229 2288 377 2317 revera
405 2273 467 2316 illi
497 2273 707 2334 simplices
737 2273 877 2318 Judaei
904 2290 995 2317 non
1026 2275 1394 2335 agebant-contra
1421 2272 1751 2326 conscientiam,
1777 2269 1854 2315 sed
1876 2272 2018 2331 potius
2040 2270 2132 2314 zelo
2160 2270 2265 2331 legis
2294 2286 2380 2314 suae

230 2353 445 2397 Christum
482 2353 874 2414 persequebantur3
910 2370 992 2398 nec
1023 2355 1234 2416 putabant
1262 2370 1305 2397 se
1336 2353 1448 2396 male
1481 2368 1629 2413 agere,
1663 2363 1706 2396 et
1738 2351 1839 2396 ideo
1871 2367 1961 2395 non
1991 2351 2226 2412 peccabant
2256 2366 2266 2394 ε
2300 2367 2380 2394 nec

230 2444 409 2495 propter
427 2435 513 2478 hoc
536 2435 667 2495 aliqui
686 2450 837 2479 eorum
859 2435 1053 2479 damnati
1073 2447 1187 2491 sunt,
1211 2434 1288 2478 sed
1309 2445 1485 2495 propter
1501 2432 1789 2493 praecedentia
1809 2443 1999 2493 peccata,
2025 2432 2179 2475 merito
2195 2446 2378 2491 quorum

228 2515 275 2558 in
305 2516 433 2559 istam
455 2516 691 2560 caecitatem
716 2515 907 2560 devoluti
939 2528 1053 2563 sunt.
1079 2518 1134 2560 Et
1155 2516 1266 2559 inter
1288 2514 1382 2558 illos
1408 2525 1532 2557 erant
1555 2513 1679 2557 electi
1705 2529 1786 2574 pro
1816 2513 1968 2573 quibus
1996 2513 2184 2555 Christus
2214 2511 2375 2563 oravit,

231 2595 409 2639 dicens:
442 2618 460 2634 ιε
489 2597 633 2652 Pater,
660 2596 827 2641 dimitte
849 2597 954 2652 illis3
981 2598 1080 2656 quia
1107 2597 1304 2640 nesciunt
1324 2594 1429 2656 quid
1450 2595 1627 2638 faciunt.
1656 2615 1675 2632 ν
1703 2594 1795 2637 Nec
1821 2594 1960 2636 oravit
1981 2603 2030 2635 ut
2054 2593 2139 2635 hoc
2154 2601 2376 2651 peccatum

230 2676 292 2719 eis
315 2675 620 2733 dimitteretur,
645 2694 743 2721 cum
763 2679 848 2722 hoc
868 2689 1093 2738 peccatum
1115 2693 1204 2720 non
1225 2687 1349 2732 esset,
1373 2675 1450 2719 sed
1466 2676 1608 2736 potius
1630 2685 1803 2735 peccata
1823 2672 2123 2733 praecedentia.
2155 2693 2173 2709 ι»

900 2830 990 2867 XII.
1017 2830 1075 2866 De
1094 2833 1282 2880 potestate
1299 2824 1445 2879 ligandi
1465 2832 1504 2863 et
1521 2823 1712 2863 solvendi.

291 2965 310 2982 «
339 2944 453 2988 Illud
473 2945 594 3004 quod
607 2946 650 2988 in
668 2946 876 2990 Matthaeo
894 2945 1077 3007 legitur:
1100 2965 1120 2982 «ι
1137 2945 1430 3003 Quaecumque
1449 2942 1644 3004 ligaveris
1665 2957 1792 3001 super
1812 2951 1987 2994 terram,
2009 2950 2112 2994 etc.,
2133 2960 2151 2977 ›-
2168 2939 2227 2982 sic
2247 2938 2375 2981 intel-

226 3025 451 3085 ligendum
473 3036 538 3069 est
563 3041 573 3069 :
609 3046 626 3064 a
648 3026 944 3085 Quaecumque
967 3025 1163 3086 ligaveris
1183 3039 1311 3085 super
1331 3035 1506 3078 terram,
1529 3022 1576 3067 id
1596 3033 1660 3066 est
1681 3022 1725 3065 in
1747 3020 1946 3082 praesenti
1970 3020 2072 3074 vita,
2097 3019 2178 3063 erit
2198 3017 2375 3078 ligatum

227 3106 338 3149 etin
365 3105 497 3162 coelis,
521 3105 568 3149 id
596 3117 659 3150 est
690 3107 736 3150 in
764 3106 963 3167 praesenti
994 3105 1199 3150 Ecclesia.
1225 3126 1243 3144 ι
1269 3106 1325 3149 Et
1352 3115 1451 3166 post
1470 3118 1605 3165 pauca
1631 3117 1642 3145 :
1674 3122 1691 3141 α
1713 3102 1824 3144 Huic
1850 3100 2069 3145 sententiae
2090 3114 2176 3159 qua
2198 3098 2375 3142 dicimus

268 3275 274 3294 ¹
295 3273 355 3307 Hic
372 3274 495 3315 aliquid
510 3274 613 3308 deest.

383 3348 414 3373 n

2132 3325 2182 3362 97
