2638 3866
348 222 443 270 248
1146 213 1316 262 PETRI
1351 208 1664 260 ABAELARDI

347 319 516 369 Ismael
538 320 635 367 sive
654 321 793 377 Esau,
821 332 985 364 semen
1010 313 1209 362 Abrahae
1226 320 1356 373 sunt,
1380 310 1494 375 quia
1508 325 1608 357 non
1631 308 1693 356 de
1712 306 1986 356 infidelibus
2009 309 2172 373 geniti,
2190 310 2325 374 juxta
2347 309 2480 375 quod

348 401 584 448 Dominus
606 397 804 446 Abrahae
824 395 1088 462 supradixit
1106 393 1166 441 de
1189 390 1375 451 Ismael,
1407 409 1429 434 ι(
1453 390 1567 455 quia
1588 404 1753 436 semen
1778 397 1917 434 tuum
1936 398 2023 435 est.
2044 408 2068 432 ³>
2099 392 2157 437 Et
2182 398 2344 439 tamen
2374 391 2482 438 nul-
2538 414 2545 421 ·

347 481 449 527 lum
474 495 636 527 semen
662 477 860 526 Abrahae
881 474 1156 525 vocandum
1176 481 1276 520 erat
1295 471 1417 518 sicut
1434 470 1483 517 in
1508 471 1656 516 Isaac.
1677 467 1817 515 Aliud
1839 477 1910 516 est
1937 468 2096 534 itaque
2122 473 2252 519 Isaac
2284 471 2381 518 sive
2414 472 2482 518 Is-

348 559 472 607 mael
493 559 655 608 vocari
673 574 835 617 semen
859 556 1072 604 Abrahae.
1095 553 1204 601 'I'ale
1229 552 1408 617 quippe
1429 559 1500 598 051
1526 567 1537 596 :
1569 567 1590 594 <t
1621 551 1676 595 In
1697 551 1826 596 Isaac
1850 548 2100 598 vocabitur
2129 550 2218 598 tibi
2249 567 2432 613 semen,
2457 569 2479 593 ³>

348 655 403 687 ac
425 640 463 686 si
488 639 684 700 diceret,
705 639 755 686 in
779 636 982 704 posteris
1003 638 1148 695 Isaac,
1173 642 1272 679 tam
1290 631 1513 679 videlicet
1532 645 1676 677 031110
1702 644 1848 693 quam
1868 628 1965 678 fide
1996 631 2040 678 ei
2070 631 2356 696 conjunctis,
2379 646 2481 679 non

347 718 586 784 aliquibus
621 715 1045 766 intervenientibus
1067 711 1283 779 patribus
1311 711 1362 758 in
1393 709 1598 776 posteris
1621 712 1752 758 Isaac
1777 719 1877 758 tarn
1899 710 2121 760 videlicet
2154 728 2298 762 carne
2335 726 2483 778 quam

347 799 443 847 fide
489 816 518 847 a
551 799 682 847 cultu
724 798 812 846 Dei
856 793 1204 844 recedentibus.
1243 795 1348 839 Hoc
1389 792 1521 839 enim
1562 789 1710 838 credo
1759 790 2044 855 significari,
2092 809 2204 840 cum
2244 795 2484 843 Dominus

346 879 720 927 circumcisionis
754 886 946 943 pactum
984 891 1095 922 cum
1134 872 1375 921 Abraham
1411 881 1461 920 et
1499 871 1682 919 semine
1717 870 1820 935 ejus
1854 872 2010 921 iniens
2045 875 2299 939 praemissis
2333 875 2435 923 istis
2467 891 2479 920 z

350 981 372 1003 «
393 962 607 1007 Statuam
629 969 822 1025 pactum
852 972 1016 1004 meum
1039 955 1162 1002 inter
1184 970 1263 1001 me
1287 963 1335 1001 01
1356 962 1420 1015 10,
1447 962 1493 1000 01
1515 953 1640 1000 111101
1660 968 1824 1001 semen
1846 962 1983 1001 tuum
2007 963 2118 1020 post
2141 964 2186 1003 te
2208 955 2257 1003 in
2286 970 2484 1020 genera-

345 1039 555 1088 tionibus
590 1039 704 1100 suis,
725 1059 748 1083 2>
783 1054 895 1084 111οΧ
929 1035 1163 1100 adjunxit,
1197 1033 1417 1082 «foedere
1446 1033 1757 1099 sempiterno,
1790 1043 1844 1081 ut
1873 1035 1964 1082 sim
1994 1038 2123 1084 Deus
2153 1046 2262 1084 tuus
2282 1044 2334 1084 vet
2356 1038 2486 1084 Deus

344 1121 537 1167 seminis
553 1120 622 1166 tui
646 1127 754 1183 post
776 1127 839 1164 te.
862 1137 884 1160 ))
910 1115 1020 1163 Tale
1043 1115 1222 1181 quippe
1246 1125 1316 1163 est
1338 1134 1362 1161 «
1381 1116 1431 1163 in
1457 1113 1845 1181 generationibus
1867 1115 1964 1163 suis
1989 1116 2169 1165 foedere
2189 1117 2485 1182 sempiterno

344 1209 396 1246 ut
427 1200 515 1247 sim
538 1203 666 1247 Deus
697 1208 822 1260 tuus,
848 1207 964 1258 etc.,
989 1216 1011 1239 >2
1035 1213 1091 1243 30
1113 1197 1152 1243 51
1175 1196 1355 1244 diceret
1383 1214 1393 1242 :
1422 1198 1477 1244 In
1500 1196 1704 1262 posteris
1728 1197 1820 1244 tuis
1850 1196 1970 1244 mihi
1993 1197 2224 1246 continue
2246 1213 2335 1264 per
2363 1197 2487 1246 obe-

343 1279 570 1328 dientiam
602 1278 856 1338 foederatis,
896 1293 986 1325 nec
1023 1292 1052 1324 a
1088 1276 1222 1324 cultu
1261 1293 1372 1324 meo
1411 1293 1499 1342 per
1529 1277 1949 1343 interpositionem
1986 1277 2257 1327 infidelium
2292 1287 2487 1344 patrum

343 1359 606 1423 disjunctis.
645 1361 749 1406 Hoc
788 1367 949 1405 autem
985 1357 1136 1405 modo
1168 1373 1326 1422 neque
1363 1356 1456 1405 Job
1492 1373 1652 1422 neque
1677 1360 1834 1406 caeteri
1867 1357 2078 1406 Gentiles
2111 1359 2174 1407 ab
2203 1358 2373 1407 Ismael
2411 1357 2487 1406 vel

343 1442 467 1488 Esau
497 1438 861 1500 descendentes,
899 1438 950 1485 in
976 1438 1159 1485 semine
1183 1437 1385 1485 Abrahae
1424 1447 1536 1485 sunt
1566 1438 1851 1498 aestimandi,
1879 1454 1972 1487 nec
2006 1438 2069 1487 ad
2103 1456 2187 1488 eos
2218 1438 2487 1504 quidquam

342 1520 415 1567 vel
448 1520 747 1568 circumcisio
771 1519 848 1567 vel
875 1529 1043 1568 caetera
1071 1519 1188 1584 legis
1213 1518 1430 1584 figuralia
1457 1529 1697 1585 praecepta
1720 1520 2005 1585 pertinent,
2022 1537 2133 1569 cum
2159 1520 2261 1568 haec
2295 1519 2489 1570 solum-

343 1600 492 1648 modo
517 1601 711 1648 Abrahae
733 1609 780 1647 et
802 1600 972 1647 semini
999 1600 1117 1664 ejus,
1143 1610 1199 1647 ut
1220 1615 1365 1666 supra
1389 1599 1834 1663 determinavimus,
1868 1601 2084 1665 injuncta
2105 1601 2217 1649 sint.
2245 1602 2488 1668 Scriptum

344 1681 522 1746 quippe
545 1690 615 1728 est
634 1681 694 1728 de
714 1681 1096 1741 circumcisione,
1110 1680 1323 1727 Domino
1345 1680 1412 1727 sic
1434 1696 1542 1728 eam
1566 1679 1764 1728 Abrahae
1786 1680 1944 1746 primo
1967 1682 2295 1747 1113001111011101
2312 1698 2323 1727 :
2343 1700 2364 1727 «
2384 1683 2490 1729 Sta-

344 1770 475 1809 tuam
505 1771 701 1827 pactum
726 1778 890 1808 meum
917 1761 1042 1808 inter
1066 1777 1145 1808 me
1176 1770 1224 1808 et
1252 1770 1321 1823 10,
1350 1770 1398 1809 et
1432 1777 1597 1809 semen
1629 1770 1768 1808 tuum
1796 1771 1907 1827 post
1939 1770 1984 1808 10
2017 1762 2067 1809 111
2101 1762 2490 1825 generationibus

345 1842 440 1889 suis
465 1841 642 1889 foedere
671 1842 983 1907 sempiterno,
1009 1851 1064 1889 ut
1096 1842 1187 1890 sim
1219 1843 1347 1889 Deus
1367 1851 1481 1890 tuus
1511 1851 1558 1890 et
1588 1842 1783 1890 seminis
1816 1842 1886 1890 tui
1908 1851 2019 1907 post
2049 1852 2112 1890 10.
2142 1841 2380 1907 Daboque
2401 1841 2489 1890 tibi
2513 1877 2516 1881 -

346 1932 394 1970 et
417 1923 587 1970 semini
619 1934 703 1971 tuo
734 1932 911 1972 terram
940 1923 1340 1989 peregrinationis
1370 1933 1493 1985 tuae,
1523 1940 1722 1972 omnem
1755 1933 1936 1972 terram
1958 1924 2187 1972 Chanaan
2220 1925 2271 1972 in
2299 1940 2490 1989 posses-

346 2004 532 2051 sionem
567 2013 791 2052 aeternam
807 2042 820 2067 ,
849 2021 1031 2070 eroque
1055 2007 1187 2052 Deus
1221 2020 1411 2052 eorum.
1449 2007 1510 2052 Et
1536 2015 1589 2052 tu
1612 2021 1726 2069 ergo
1762 2004 2005 2053 custodies
2035 2014 2233 2071 pactum
2257 2021 2421 2053 meum
2443 2013 2492 2052 et

346 2100 508 2132 semen
534 2094 671 2132 tuum
699 2095 810 2150 post
832 2095 879 2133 te
905 2086 955 2132 in
984 2084 1375 2150 generationibus
1398 2086 1511 2134 suis.
1539 2088 1643 2134 Hoc
1667 2095 1738 2134 est
1758 2095 1956 2151 pactum
1978 2103 2143 2135 meum
2166 2086 2301 2151 quod
2324 2084 2491 2134 obser-

345 2164 513 2212 vabitis
545 2165 667 2212 inter
699 2181 777 2212 me
804 2175 852 2213 01
874 2183 961 2213 vos
984 2175 1031 2213 et
1059 2183 1226 2214 semen
1251 2175 1391 2214 tuum
1412 2158 1605 2232 postte
1631 2183 1643 2214 :
1670 2166 2054 2215 Circumcidetur
2087 2184 2145 2215 ex
2173 2166 2314 2215 vobis
2346 2181 2493 2214 omne

350 2244 685 2303 masculinum,
711 2254 759 2292 et
778 2246 1130 2295 circumcidetis
1161 2263 1355 2295 carnem
1386 2248 1607 2313 praeputii
1629 2249 1792 2311 vestri,
1825 2258 1879 2296 ut
1910 2248 1970 2296 sit
1994 2248 2045 2296 in
2078 2248 2270 2314 signum
2300 2245 2492 2295 foederis

349 2324 471 2370 inter
495 2341 571 2371 me
596 2334 643 2371 et
664 2341 767 2371 VOS.
796 2325 957 2373 Infans
985 2337 1097 2374 0010
1122 2326 1312 2374 (110111111
1334 2327 1707 2375 circumcidetur
1732 2329 1780 2375 in
1807 2327 1967 2391 vobis,
1995 2345 2141 2376 omne
2171 2327 2494 2376 masculinum

350 2403 397 2449 in
425 2404 809 2466 generationibus
826 2407 1024 2453 vestris:
1049 2416 1149 2454 tam
1171 2407 1456 2454 vernaculus
1482 2423 1629 2472 quam
1646 2408 1889 2473 emptitius
1907 2408 2296 2468 circumcidetur,
2318 2416 2367 2454 et
2385 2407 2495 2471 qui-

350 2499 540 2547 cunque
563 2500 661 2531 non
694 2484 834 2533 fuerit
863 2485 924 2533 de
955 2486 1102 2552 stirpe
1130 2496 1322 2534 vestra:
1350 2488 1535 2552 eritque
1565 2497 1763 2553 pactum
1795 2504 1960 2536 meum
1992 2489 2043 2535 in
2075 2504 2220 2536 carne
2253 2495 2410 2535 vestra
2443 2486 2493 2533 in

351 2563 503 2610 foedus
541 2561 790 2613 aeternum.
825 2567 1080 2630 Masculus,
1112 2568 1248 2632 cujus
1280 2569 1502 2633 praeputii
1533 2585 1649 2616 caro
1684 2569 1969 2617 circumcisa
1997 2585 2099 2618 non
2134 2568 2292 2626 fuerit,
2319 2566 2496 2633 peribit

351 2643 509 2690 anima
536 2643 617 2691 illa
644 2644 704 2691 de
738 2646 920 2710 populo
951 2663 1057 2708 suo,
1093 2648 1206 2711 quia
1236 2657 1433 2713 pactum
1463 2665 1628 2696 meum
1653 2649 1842 2697 irritum
1868 2649 1994 2697 fecit.
2020 2670 2042 2693 1)
2072 2652 2131 2696 Ε1
2155 2658 2266 2714 11051
2293 2647 2456 2712 aliqua
2479 2665 2490 2692 ε

358 2742 380 2765 <c
406 2724 558 2787 Super
580 2723 751 2772 Ismael
786 2741 982 2789 quoque
1014 2727 1239 2776 exaudivi
1274 2738 1337 2791 te,
1367 2739 1415 2777 et
1449 2728 1781 2795 multiplicabo
1817 2746 1930 2776 eum
1960 2728 2118 2777 valde.
2156 2732 2357 2777 Pactum
2377 2743 2495 2775 vero

356 2817 519 2848 meum
555 2812 758 2851 statuam
789 2805 852 2852 ad
893 2809 1024 2855 Isaac
1058 2824 1205 2872 quem
1238 2809 1392 2874 pariet
1425 2809 1514 2857 tibi
1547 2811 1679 2858 Sara.
1708 2828 1732 2854 »
1775 2811 2092 2874 Augustinus,
2131 2809 2188 2857 dc
2222 2809 2416 2874 Nuptiis
2449 2819 2499 2854 et

356 2883 750 2944 concaplkeentz'a,
778 2883 904 2931 libro
927 2888 973 2931 Ι2
1001 2904 1011 2932 :
1037 2906 1060 2931 «
1083 2889 1155 2935 De
1175 2889 1578 2938 circumcidendis
1601 2893 1730 2938 Deus
1753 2891 1821 2938 sic
1847 2890 2168 2939 manifestavit
2194 2887 2456 2937 infantibus
2480 2905 2491 2933 :

363 2960 638 3007 «Masculus
661 2962 745 3024 qui
768 2979 868 3010 non
889 2964 1258 3014 circumcidetur
1274 2971 1497 3035 praeputii
1519 2971 1591 3018 sui
1608 2987 1753 3020 carne
1773 2981 1944 3019 octavo
1969 2970 2066 3033 die,
2085 2970 2312 3036 disperiet
2336 2968 2498 3016 anima

363 3037 507 3101 «ejus
533 3038 593 3085 de
616 3055 788 3102 genere
812 3059 919 3104 suo,
947 3045 1060 3107 quia
1083 3055 1424 3096 testamentum
1453 3066 1618 3098 meum
1646 3051 1911 3117 dissipavit.
1941 3071 1964 3095 >³
1989 3051 2128 3098 Dicat
2156 3049 2245 3098 iste
2278 3049 2317 3096 si
2339 3056 2499 3113 potest

360 3117 608 3180 quomodo
651 3136 771 3183 puer
806 3121 884 3168 ille
926 3133 1037 3171 octo
1072 3124 1261 3174 dierum
1294 3137 1637 3178 testamentum
1668 3131 1931 3197 dissipavit,
1970 3140 2207 3196 quantum
2240 3129 2303 3178 ad
2339 3130 2496 3194 ipsum

398 3302 548 3341 ¹Genes.,
563 3309 634 3342 cap.
653 3311 734 3343 xvii,
751 3312 782 3335 v.
800 3305 815 3336 7
836 3310 868 3336 et
884 3313 956 3345 sqq.
976 3324 1013 3330 —
1030 3308 1039 3325 ²
1057 3307 1133 3349 Leg.
1154 3310 1211 3342 lib.
1236 3309 1279 3352 11,
1296 3319 1367 3352 cap.
1387 3320 1438 3352 x13
1464 3313 1566 3355 Opp.‚
1587 3319 1608 3347 1.
1630 3314 1669 3353 X,
1696 3315 1848 3349 c01.312.
