2638 3866
297 199 394 246 272
1107 189 1278 236 PETRI
1314 189 1629 238 ABAELARDI

295 295 587 360 subjacebat,
617 295 719 359 ipse
743 292 886 340 etiam
909 307 1101 339 caruem
1122 290 1322 355 peccati,
1352 290 1400 337 id
1427 299 1498 337 est
1534 290 1581 337 in
1617 300 1817 355 peccato
1852 301 2136 357 conceptam
2162 292 2342 343 habere
2367 298 2443 344 vi-

296 378 505 425 deretur.
538 395 560 419 α
582 378 636 421 Et
660 373 719 420 de
741 382 959 438 peccato,
979 391 1003 416 »
1033 371 1082 418 id
1107 380 1177 417 est
1207 370 1267 418 de
1284 387 1428 436 poena
1458 371 1656 436 peccati,
1682 388 1829 436 quam
1859 388 1947 436 pro
1982 371 2121 420 nobis
2143 375 2365 423 sustinuit
2387 377 2438 423 in

297 474 458 518 carne,
489 455 539 502 id
565 464 650 514 est,
678 454 726 500 in
754 453 1052 500 humanitate
1078 461 1337 516 assumpta,
1367 467 1467 498 nou
1500 451 1770 499 secundum
1797 451 2114 514 divinitatem,
2146 474 2168 499 «
2193 454 2440 504 damnavit

294 547 567 603 peccatum,
594 554 616 580 υ
643 534 692 581 id
719 544 788 582 est
815 551 1006 600 poenam
1030 533 1213 598 peccati
1234 549 1263 581 a
1282 531 1423 580 nobis
1449 532 1673 592 removit,
1706 549 1800 597 qua
1825 534 1969 581 etiam
2003 534 2118 598 justi
2153 536 2441 585 tenebantur

293 628 450 679 antea,
479 627 524 664 et
548 615 695 664 coelos
721 615 924 680 aperuit.
953 634 975 660 «
1002 617 1062 660 Ut
1082 612 1355 677 justificatio
1376 612 1509 675 legis.
1533 631 1556 656 »
1587 613 1692 659 Non
1718 612 1834 660 dicit
1866 630 2014 679 opera
2046 614 2177 679 legis,
2218 633 2323 681 quae
2357 634 2443 665 ne·

293 714 535 763 quaquam
549 696 828 761 justificant,
850 695 933 742 sed
954 694 1088 760 quod
1111 694 1185 742 lex
1205 694 1419 759 praecipit
1437 693 1497 740 de
1514 692 1590 739 his
1609 710 1714 758 quae
1728 693 1789 741 ad
1797 693 2191 757 justificationem
2215 697 2438 758 attinent,

293 779 392 825 sine
417 779 592 843 quibus
609 777 859 842 justificari
886 793 984 823 nou
1009 792 1286 841 possumus,
1319 775 1445 822 sicut
1473 784 1543 821 est
1568 774 1656 821 Dei
1683 783 1730 822 et
1753 775 1962 840 proximi
1991 777 2162 824 caritas
2193 794 2341 842 quam
2367 779 2442 827 lex

292 860 618 924 imperfectam
645 858 771 916 facit,
811 858 935 904 sicut
973 873 1118 921 supra
1151 856 1359 915 monuit,
1401 854 1485 902 sed
1520 871 1606 920 pet·
1631 854 1872 902 Christum
1911 855 1960 902 in
1994 856 2134 904 nobis
2173 857 2438 923 perficitur.

292 942 350 986 Et
381 940 476 987 hoc
512 950 583 987 est
615 938 748 1004 quod
780 938 861 999 ait,
904 947 954 985 ut
985 937 1155 984 caritas
1189 937 1276 983 Dei
1311 945 1358 983 et
1391 935 1617 1001 proximi,
1652 952 1799 1001 quam
1835 935 1911 984 lex
1945 937 2176 1003 praecipit,
2215 939 2265 985 in
2301 938 2443 988 nobis

291 1021 503 1085 perfecta
528 1037 617 1067 nos
636 1018 934 1083 justificaret.
957 1021 1119 1083 Ipsum
1145 1018 1325 1083 quippe
1358 1017 1602 1064 Christum
1637 1026 1866 1081 tanquam
1901 1020 2059 1065 Deum
2090 1018 2249 1084 ipsum
2281 1019 2442 1085 proxi·

291 1119 427 1148 mum
452 1119 560 1148 vere
591 1101 803 1163 diligere,
834 1115 1078 1147 summum
1108 1098 1229 1145 illud
1254 1097 1545 1146 beneficium
1577 1097 1711 1163 quod
1746 1097 1889 1146 nobis
1913 1098 2130 1146 exhibuit
2162 1100 2439 1166 compellit3

290 1183 424 1247 quod
449 1183 590 1230 estin
619 1181 762 1228 nobis
795 1190 1049 1245 peccatum
1084 1179 1340 1241 damnare,
1384 1179 1434 1226 id
1465 1189 1535 1226 est
1573 1188 1763 1227 reatum
1804 1196 2002 1227 omnem
2039 1189 2086 1227 et
2126 1179 2320 1247 culpam
2357 1180 2442 1229 de·

288 1274 469 1311 struere
493 1280 579 1327 per
610 1263 858 1309 caritatem
897 1277 954 1307 ex
986 1260 1082 1307 hoc
1120 1277 1310 1308 summo
1349 1259 1605 1309 beneficio.
1639 1260 1786 1319 Quod
1819 1261 1992 1323 verius,
2032 1262 2208 1326 inquit,
2236 1261 2444 1311 habetur

288 1344 418 1409 apud
436 1347 627 1392 Graecos
646 1361 655 1389 :
682 1363 703 1388 «
725 1346 817 1389 Pro
833 1351 1031 1407 peccato
1053 1341 1298 1389 damnavit
1315 1352 1586 1408 peccatum,
1607 1342 1707 1407 ipse
1723 1341 1881 1389 hostia
1900 1358 1990 1407 pro
2009 1352 2211 1407 peccato
2231 1343 2399 1392 factus.
2416 1364 2439 1388 »

289 1428 378 1473 Per
410 1425 536 1473 hauc
567 1425 776 1472 hostiam
809 1424 966 1470 carnis
1003 1440 1108 1488 quae
1144 1423 1318 1471 dicitur
1355 1440 1446 1489 pro
1482 1431 1702 1488 peccato,
1758 1422 2025 1484 damnavit,
2066 1423 2116 1471 id
2157 1434 2228 1471 est
2268 1424 2444 1473 delevit

289 1514 555 1569 peccatum,
584 1504 697 1568 quia
719 1502 1054 1550 remissionem
1080 1518 1276 1566 quoque
1297 1511 1609 1567 peccatorum
1635 1500 1778 1548 nobis
1809 1501 1859 1548 in
1892 1502 2121 1566 sanguine
2155 1519 2263 1564 suo,
2290 1512 2337 1551 et
2368 1519 2443 1551 re·

288 1585 672 1632 conciliationem
702 1593 929 1648 operatus
959 1592 1047 1630 est.
1083 1582 1171 1629 Vel
1199 1582 1259 1629 de
1282 1592 1481 1648 peccato
1513 1599 1540 1629 a
1571 1581 1770 1629 diabolo
1806 1583 1883 1630 vel
1909 1598 1938 1630 a
1969 1582 2142 1630 Judaeis
2164 1584 2213 1630 in
2239 1600 2289 1631 se
2307 1599 2444 1631 com-

290 1666 455 1726 misso,
485 1664 731 1711 damnavit
764 1673 1015 1728 peccatum
1052 1662 1102 1708 iu
1136 1662 1297 1723 nobis,
1336 1673 1389 1710 ut
1425 1663 1608 1710 dictum
1642 1674 1730 1725 est,
1772 1663 1910 1710 malis
1946 1663 2088 1711 etiam
2115 1664 2229 1729 ipsis
2261 1664 2443 1730 optime

291 1759 446 1808 utens,
469 1758 515 1795 et
536 1749 582 1795 in
604 1747 792 1795 bonum
816 1756 1121 1794 convertens.
1150 1749 1261 1793 Duo
1294 1745 1374 1793 illa
1410 1763 1514 1811 quae
1539 1746 1784 1811 praemissa
1815 1757 1927 1794 suut
1959 1747 2020 1794 ad
2058 1747 2158 1795 duo
2194 1748 2444 1814 supposita

289 1839 402 1877 sunt
424 1828 676 1876 referenda
698 1838 745 1875 et
764 1827 1054 1893 copulanda.
1087 1826 1156 1874 Ad
1185 1826 1279 1873 hoc
1309 1826 1508 1890 quidem
1531 1826 1664 1890 quod
1689 1826 1771 1888 ait,
1814 1847 1836 1872 «
1871 1827 1932 1874 de
1967 1838 2167 1892 peccato
2196 1828 2443 1876 damnavit

288 1920 558 1976 peccatum,
591 1928 615 1954 »
651 1908 768 1956 illud
793 1908 1038 1972 subjungit
1073 1907 1208 1971 quod
1234 1907 1532 1972 impossibile
1558 1917 1659 1954 erat
1681 1907 1775 1971 legi
1796 1907 1976 1955 scilicet
2007 1909 2237 1956 damnare
2258 1907 2334 1956 vel
2357 1925 2441 1957 au-

290 1992 411 2039 ferre
437 2000 704 2056 peccalum.
731 1989 801 2036 Ad
821 1989 941 2036 illud
965 2004 1079 2036 vero
1104 1987 1239 2053 quod
1258 1986 1498 2049 subditur,
1536 2007 1558 2033 «
1580 1997 1633 2035 ut
1647 1986 1924 2052 justificatio
1947 1989 2064 2053 legis
2089 1988 2388 2054 impleretur,
2413 2009 2438 2035 »

286 2072 405 2119 illud
426 2082 497 2119 est
513 2071 892 2132 annectendum,
914 2070 964 2118 in
990 2055 1088 2134 quo
1112 2069 1386 2117 infirmatur
1408 2070 1510 2134 ipsa
1530 2069 1607 2116 lex
1635 2068 1814 2117 scilicet
1835 2087 1923 2136 per
1953 2087 2166 2131 carnem,
2198 2070 2249 2117 id
2276 2079 2347 2118 est
2379 2070 2443 2119 ad

283 2151 559 2200 habendam
584 2151 780 2218 plenam
796 2161 843 2198 et
866 2151 1127 2217 perfectam
1149 2149 1544 2215 justificationem
1568 2149 1642 2197 lex
1666 2150 1858 2198 infirma
1873 2150 1958 2198 fuit
1977 2160 2178 2217 propter
2199 2150 2442 2200 carnalem

284 2232 538 2299 populum,
568 2233 644 2280 cui
667 2232 777 2280 data
813 2232 917 2293 fuit,
957 2242 1010 2279 ut
1041 2248 1186 2298 supra
1226 2231 1545 2292 ostendimus,
1587 2230 1649 2278 de
1689 2231 2056 2297 imperfectione
2100 2231 2442 2280 mandatorum

285 2314 385 2377 ejus
402 2313 608 2377 agendo.
639 2313 939 2378 Impossibile
967 2313 1128 2378 itaque
1155 2322 1256 2361 erat
1278 2312 1371 2376 legi
1390 2329 1477 2378 per
1495 2311 1826 2360 obedientiam
1854 2313 1928 2360 sui
1945 2322 2199 2379 peccatum
2219 2313 2407 2361 auferre
2423 2350 2437 2374 ,

283 2412 394 2442 cum
416 2395 644 2461 perfecta,
671 2405 724 2442 ut
749 2395 934 2442 dictum
957 2405 1046 2455 est,
1074 2412 1176 2442 non
1201 2393 1403 2441 haberet
1426 2403 1681 2459 praecepta.
1710 2392 1786 2441 Ad
1808 2410 1954 2459 quam
1987 2394 2226 2459 praecipue
2257 2394 2439 2459 perfec-

283 2476 464 2523 tionem
487 2475 825 2524 infirmabatur
841 2486 888 2523 et
914 2474 1269 2541 impediebatur
1291 2485 1491 2540 propter
1515 2473 1768 2521 insolentis
1792 2474 1962 2539 populi
1985 2474 2330 2522 carnalitatem.

351 2576 373 2603 «
397 2558 491 2615 Qui
514 2558 644 2604 enim
663 2557 950 2605 secundum.
977 2577 999 2600 »
1030 2559 1080 2603 ln
1106 2555 1249 2603 nobis
1273 2555 1383 2602 dico
1407 2555 1687 2620 impleretur
1706 2572 1792 2620 per
1810 2554 2072 2617 Christum,
2105 2555 2188 2620 qui
2223 2555 2325 2619 ejus
2347 2553 2438 2603 do-

283 2639 433 2685 ctrina
457 2649 504 2686 et
526 2639 763 2704 exemplo,
792 2648 840 2685 et
862 2652 1053 2685 summa
1075 2637 1153 2684 illa
1173 2636 1380 2684 caritatis
1402 2635 1699 2683 exhibitione
1722 2634 2007 2700 spirituales,
2034 2652 2121 2700 per
2145 2634 2439 2684 desiderium

284 2717 496 2765 carnales
523 2718 678 2766 effecti
699 2735 885 2765 sumus.
910 2721 970 2765 Et
993 2718 1088 2764 hoc
1111 2726 1200 2776 est,
1240 2716 1367 2782 «qui
1392 2733 1494 2764 non
1518 2715 1824 2764 ambulamus
1858 2715 2127 2763 secundum
2165 2732 2380 2778 carnem,
2409 2735 2434 2760 »

284 2796 331 2842 id
352 2808 421 2844 est
444 2798 712 2846 carnalibus
735 2798 984 2846 desideriis
1012 2799 1113 2862 jam
1148 2814 1248 2845 non
1273 2797 1568 2858 inducimur,
1609 2796 1694 2844 sed
1730 2797 1880 2860 gratia
1911 2796 2024 2858 Dei,
2060 2796 2111 2843 id
2146 2807 2215 2844 est
2257 2796 2435 2862 Spiritu

285 2887 449 2924 sancto
470 2880 694 2941 regimur,
724 2890 772 2926 et
794 2879 854 2926 de
877 2880 1052 2927 virtute
1077 2880 1126 2925 in
1152 2879 1380 2926 virtutem
1406 2895 1772 2943 promovemur.
1804 2898 1828 2923 «
1846 2877 1939 2935 Qui
1961 2877 2109 2924 enim.
2134 2896 2157 2921 »
2194 2877 2303 2924 Dixi
2332 2882 2436 2943 jus-

286 2956 452 3004 tificari
477 2974 558 3004 eos
575 2961 657 3022 qui
675 2977 775 3006 non
801 2959 1070 3006 secundum
1092 2976 1307 3020 carnem,
1333 2958 1418 3006 sed
1441 2958 1709 3006 secundum
1726 2959 1950 3024 spiritum
1973 2957 2238 3006 ambulant.
2260 2960 2319 3005 Et
2335 2974 2436 3006 me-

284 3036 395 3093 rito,
424 3038 535 3101 quia
559 3039 640 3102 qui
663 3040 929 3086 secundum
954 3055 1150 3086 carnem
1177 3048 1304 3099 sunt,
1340 3038 1390 3085 id
1420 3048 1506 3099 est,
1544 3038 1818 3087 carnalibus
1849 3038 2096 3086 desideriis
2131 3038 2316 3098 irretiti,
2355 3037 2434 3086 illa

289 3138 310 3159 α
332 3117 540 3181 sapiunt,
561 3137 585 3162 ›>
616 3118 664 3164 id
698 3128 768 3165 est
801 3118 995 3166 illorum
1029 3119 1367 3183 experimentis
1399 3128 1617 3181 utuntur,
1661 3139 1684 3164 «
1718 3135 1823 3183 quae
1858 3119 2013 3166 carnis
2050 3124 2178 3178 sunt,
2210 3137 2233 3161 2>
2270 3116 2333 3164 id-
2364 3127 2435 3164 est

285 3213 390 3260 quae
411 3197 623 3244 carnales
646 3199 848 3245 attinent
871 3197 1158 3263 voluptates.
1182 3198 1277 3255 Qui
1309 3214 1424 3244 vero
1448 3198 1718 3246 secundum
1741 3198 1964 3263 spiritum
1999 3206 2126 3258 sunt,
2160 3197 2210 3243 id
2249 3205 2321 3244 est
2348 3196 2432 3262 qui

285 3277 608 3343 spiritualibus
649 3277 978 3326 accenduntur
1015 3277 1279 3340 desideriis,
1318 3279 1531 3326 sentiunt
1577 3278 1869 3345 experiendo
1917 3277 2049 3325 dona
2088 3277 2192 3342 ipsa
2228 3277 2431 3344 Spiritus
