2638 3866
996 271 1340 320 THEOLOGIA
1385 271 1750 321 CHRlSTlANA.
2349 273 2444 321 465

309 370 663 437 increpationes
685 370 917 436 insipiens·
939 380 1027 418 est.
1053 391 1075 414 n
1103 374 1162 418 Et
1189 372 1382 419 iterum¹
1410 390 1421 419 ε
1453 393 1476 418 ιι
1497 372 1591 431 Qui
1614 370 1823 420 custodit
1844 370 2214 439 increpationes,
2247 372 2447 426 astutior

265 438 268 442 ¹
308 450 407 513 flet,
438 459 486 498 et
516 451 599 516 qui
631 450 982 515 increpationes
1002 450 1140 515 odit,
1178 452 1477 518 morietur.»
1508 455 1565 499 Et
1597 454 1850 500 rursum’:
1882 454 2030 499 «Non
2061 461 2188 500 amat
2220 451 2446 517 pestilens

307 548 419 590 eum
454 531 536 595 qui
571 548 621 578 se
644 530 858 596 corripit.
897 530 945 577 Si
978 540 1140 595 autem
1173 532 1462 598 corripueris
1492 533 1776 599 sapientem,
1807 531 2033 595 intelliget
2067 531 2441 598 disciplinam.»

269 605 271 608 Α
306 613 444 660 ltem⁸
472 629 482 658 :
516 631 539 655 ιι
557 612 673 659 Viro
701 610 784 675 qui
807 610 1145 676 corripientem
1175 611 1299 660 dura
1326 614 1509 661 cervice
1529 613 1813 672 contemnit,
1845 613 2123 677 repentinus
2143 599 2446 679 superveniet

305 693 540 741 interitus.
558 711 581 737 υ
1557 739 1561 742 .

373 773 587 820 Primum
618 781 780 820 autem
809 772 1094 838 ponendum
1125 783 1194 821 est
1223 774 1369 821 totius
1395 784 1571 822 nostrae
1599 774 1934 840 disputationis
1962 774 2151 834 thema,
2181 785 2227 823 et
2256 792 2445 828 summa

266 907 271 912 ,
304 852 419 900 fidei
455 852 666 917 breviter
704 853 1071 915 concludenda,
1110 853 1171 901 de
1207 855 1390 913 unitate
1426 855 1604 918 scil-icet
1634 855 1806 902 divinae
1840 854 2112 903 substantiae
2148 871 2203 902 ac
2237 855 2445 903 trinitate

260 930 262 932 ’
305 950 649 999 personarum,
689 951 795 999 quae
833 935 881 981 in
918 937 1022 982 Deo
1063 944 1202 995 sunt,
1248 935 1398 981 immo
1434 938 1563 982 Deus
1598 952 1724 984 unus
1767 946 1894 983 sunt.
1934 935 2121 983 Deinde
2150 935 2445 999 objectiones

303 1013 532 1062 adversus
566 1014 844 1080 proposita,
892 1014 1100 1079 denique
1144 1015 1409 1063 solutiones
1443 1016 1668 1063 adversus
1710 1015 1897 1079 objecta
1934 1015 2260 1080 subjiciemus.
2299 1019 2445 1064 Tenet

303 1095 464 1159 itaque
496 1095 766 1143 christianae
797 1094 909 1142 fidei
942 1095 1129 1160 religio,
1167 1101 1372 1143 tenet'et
1403 1096 1879 1162 incommutabiliter,
1912 1107 1958 1144 et
1992 1096 2144 1145 credit
2173 1096 2439 1156 salubriter,

268 1240 270 1243 ι
304 1176 467 1222 asserit
489 1185 781 1236 constanter,
809 1175 1063 1241 profitetur
1081 1177 1330 1237 veraciter,
1363 1193 1513 1224 unum
1537 1180 1692 1224 Deum
1712 1187 1811 1226 tres
1833 1194 2063 1243 personas
2088 1193 2214 1244 esse„
2235 1180 2439 1236 Patrem,

303 1265 350 1302 et
382 1255 572 1314 Filium,
599 1265 647 1303 et
676 1256 904 1322 Spiritum
936 1257 1182 1304 Sanctum.
1207 1259 1388 1318 Unum,
1416 1257 1633 1322 inquam,
1661 1257 2000 1304 tantummodo
2030 1261 2203 1317 Deum,
2231 1274 2286 1305 ac
2310 1257 2443 1304 nullo

302 1334 452 1383 modo
472 1335 633 1400 plures
652 1335 796 1397 deos;
821 1353 972 1384 unum
993 1346 1258 1385 creatorem
1282 1338 1500 1385 omnium
1521 1347 1618 1385 tam
1643 1337 1902 1404 visibilium
1922 1354 2067 1401 quam
2084 1338 2395 1386 invisibilium
2408 1341 2439 1396 ⁴,

300 1432 454 1463 unum
489 1417 799 1482 principium,
828 1428 874 1464 et
899 1435 1053 1465 unum
1075 1418 1280 1476 bonurn,
1308 1435 1459 1484 unum
1484 1418 1823 1508 dispositorem
1850 1419 2069 1466 omnium
2094 1429 2139 1466 et
2160 1419 2439 1477 Dominum,

302 1513 454 1544 unum
483 1507 734 1558 aeternum,
769 1515 921 1545 unum
955 1499 1374 1564 omnipotentem,
1390 1515 1539 1545 unum
1570 1499 1886 1557 immensum3
1912 1515 1969 1546 ac
1998 1515 2084 1564 per
2105 1499 2271 1546 omnia
2294 1499 2443 1546 solam

267 1567 272 1570 ¹
300 1577 528 1647 praedicat
556 1587 603 1624 et
634 1577 785 1624 credit
818 1578 1193 1642 singularitatem
1222 1578 1434 1638 unitatis,
1461 1587 1661 1642 excepto
1698 1563 1832 1642 quod
1864 1578 1927 1626 ad
1958 1579 2101 1626 trium
2114 1595 2443 1646 personarum

301 1658 470 1706 attinet
491 1658 846 1721 discretionem,
873 1659 922 1706 id
943 1669 1012 1707 est
1031 1659 1198 1724 Patris,
1225 1668 1273 1706 et
1302 1658 1423 1719 Filii,
1449 1668 1496 1706 et
1514 1658 1717 1723 Spiritus
1737 1660 1915 1706 Sancti.
1947 1662 2001 1705 In
2025 1658 2202 1723 quibus
2224 1658 2446 1706 videlicet

268 1800 274 1805 q
301 1738 520 1802 personis
551 1738 863 1787 solummodo
891 1738 1211 1803 pluralitatem
1239 1754 1297 1785 ac
1320 1737 1680 1785 multitudinem
1706 1754 1791 1785 seu
1820 1738 2143 1785 diversitatem
2168 1738 2438 1803 profitetur,

270 1807 412 1882 qum
444 1819 493 1864 in
526 1819 694 1865 ceteris
722 1817 966 1879 omnibus,
1003 1827 1054 1865 ut
1082 1818 1268 1866 dictum
1301 1828 1387 1877 est,
1426 1818 1658 1873 unitatem
1690 1828 1957 1867 conservet.
1991 1821 2105 1866 Tres
2133 1819 2313 1884 quippe
2342 1836 2446 1891 per-

298 1915 442 1946 sonas
483 1898 687 1946 dicimus
723 1899 785 1947 ab
827 1900 1034 1947 invicem
1072 1901 1168 1947 suis
1204 1899 1580 1965 proprietatibus
1619 1899 1856 1961 diversas,
1896 1903 2084 1947 Patrem
2118 1910 2164 1947 et
2199 1900 2369 1955 Filium
2398 1911 2445 1947 et

298 1979 529 2045 Spiritum
552 1982 801 2043 Sanctum,
835 1980 920 2028 sed
944 1998 1044 2028 non
1072 1991 1167 2028 tres
1190 1984 1319 2028 Deos
1352 1990 1436 2028 aut
1456 1980 1711 2041 DominoS,
1739 1990 1787 2027 et
1808 1980 1875 2027 sic
1902 1981 2137 2028 unitatem
2170 1997 2258 2045 per
2281 1981 2445 2037 omnia

297 2046 598 2124 profitemur,
639 2047 838 2127 excepta
873 2058 1188 2109 multitudiue
1210 2047 1559 2127 personarum,
1595 2060 1711 2116 licet,
1739 2077 2038 2125 unaquaeque
2075 2061 2245 2108 harum
2278 2050 2442 2126 perso-

298 2156 472 2189 narum
501 2127 614 2188 'non
648 2143 707 2189 sit
740 2142 900 2206 aliqua
930 2142 1161 2200 aliarum,
1205 2152 1250 2188 et
1283 2157 1584 2206 unaquaeque
1623 2141 1670 2187 in
1709 2141 1863 2205 seipsa
1893 2142 1952 2187 sit
1988 2144 2117 2188 Deus
2155 2141 2443 2206 plenusaut

297 2222 536 2287 Dhominus
563 2239 573 2268 :
609 2222 676 2268 ita
710 2233 778 2282 ut,
812 2222 947 2286 juxta
979 2226 1028 2269 B.
1065 2208 1348 2288 Hieronymi
1382 2223 1694 2269 assertionem
1727 2220 1788 2268 de
1822 2220 1918 2268 fide
1961 2220 2212 2268 scribentis
2252 2221 2313 2268 ad
2349 2224 2443 2275 Da-

298 2317 484 2349 masum
523 2305 734 2367 Papam,
787 2303 995 2368 exceptis
1030 2301 1278 2349 vocabulis
1325 2319 1432 2366 quae
1466 2301 1811 2366 proprietatem
1849 2318 2163 2367 personarum
2197 2300 2436 2360 indicant.

298 2380 535 2446 quidquid
570 2381 631 2428 de
665 2398 762 2430 una
782 2398 988 2447 persona
1024 2382 1215 2442 dicitur,
1252 2381 1314 2428 de
1346 2381 1495 2436 tribus
1528 2381 1803 2446 dignissime
1839 2382 1991 2446 possit
2025 2381 2239 2445 intelligi.
2279 2384 2440 2445 Neque

298 2461 429 2509 enim
461 2464 600 2509 Pater
622 2471 692 2509 est
715 2462 877 2518 Filius,
915 2472 998 2509 aut
1031 2462 1237 2528 Spiritus
1260 2464 1482 2523 Sanctus,
1511 2478 1602 2517 nec
1634 2461 1736 2526 ipse
1770 2471 1840 2508 est
1869 2462 2073 2527 Spiritus
2094 2463 2313 2514 Sanctus.
2347 2460 2441 2507 Sed

296 2543 433 2590 Pater
465 2552 537 2590 est
572 2545 727 2603 Deus,
764 2552 811 2589 et
842 2539 985 2590 Filius
1020 2545 1171 2603 Deus,
1214 2552 1260 2589 et
1295 2542 1497 2607 Spiritus
1520 2544 1682 2600 Deus3
1715 2558 1805 2588 nec
1843 2541 1955 2588 ideo
1988 2551 2081 2588 tres
2114 2541 2181 2588 dii
2214 2550 2325 2596 sunt
2357 2549 2440 2587 aut

296 2622 475 2686 plures,
505 2622 591 2670 sed
621 2640 746 2670 unus
778 2622 1090 2671 solummodo
1116 2626 1245 2669 Deus
1277 2623 1326 2668 in
1359 2621 1510 2669 tribus
1543 2622 1762 2687 personis
1791 2621 2075 2668 aeternaliter
2095 2620 2440 2684 atqueinoom·

297 2703 590 2751 mutabiliter
613 2704 845 2750 consistit.
879 2704 955 2750 Sic
988 2713 1045 2750 et.
1069 2720 1196 2762 unus
1221 2713 1426 2762 creator,
1468 2713 1514 2750 et
1538 2719 1663 2749 unus
1686 2702 1948 2760 Dominus,
1979 2711 2026 2747 et
2060 2702 2123 2747 ita
2156 2702 2204 2747 in
2238 2700 2436 2747 caeteris.

297 2785 394 2850 Nec
433 2784 573 2831 refert
610 2783 673 2830 ad
706 2784 916 2830 veritatis
954 2784 1336 2830 enuntiationem
1370 2783 1659 2831 siveunum
1694 2778 1850 2828 Deum
1884 2781 2101 2828 dicamus
2141 2781 2202 2828 de
2243 2781 2438 2844 singulis

297 2862 449 2910 tribus
484 2863 719 2928 personiS,
750 2846 849 2910 sive
880 2863 941 2910 de
970 2864 1038 2910 eis
1067 2862 1225 2921 simul,
1262 2878 1373 2908 cum
1403 2870 1613 2925 aequevet
1641 2877 1940 2925 unaquaeque
1968 2861 2180 2926 ipsarum
2208 2860 2353 2916 trium
2379 2861 2438 2908 sit

297 2959 422 2990 unus
444 2952 491 2990 et
514 2942 643 2990 idem
664 2945 793 2990 Deus
813 2959 923 2989 cum
952 2941 1140 2989 duabus
1160 2941 1281 2999 aliis,
1304 2950 1353 2988 et
1372 2950 1467 2987 tres
1488 2940 1648 2997 simul,
1672 2939 1769 2987 hoc
1790 2949 1859 2987 est
1883 2940 1984 3005 ipsa
2005 2940 2210 2993 Trinitas
2230 2940 2290 2987 sit
2309 2956 2437 2996 *unus

277 3025 441 3086 ⁴Deus,
473 3039 598 3070 unus
629 3023 884 3083 Dominus,
919 3032 1012 3069 etc.
1049 3025 1130 3068 Est
1161 3021 1321 3086 itaque
1344 3020 1525 3073 *harum
1556 3020 1701 3067 trium
1731 3036 2048 3086 personarum
2073 3037 2167 3068 una
2195 3029 2242 3067 et
2267 3020 2436 3076 eadem

297 3103 498 3151 omnino
528 3090 816 3164 substantia,
856 3111 902 3149 et
929 3100 1179 3150 individua
1209 3101 1403 3167 penitus
1431 3111 1477 3148 et
1506 3100 1705 3166 simplex
1739 3101 1963 3158 essentia,
1998 3117 2093 3154 una
2124 3117 2322 3166 prorsus
2345 3117 2433 3165 po·

338 3311 483 3353 'Pr0v·‚
504 3321 654 3354 cap-,1¹12
678 3321 710 3344 v.
729 3313 749 3345 5
771 3316 805 3344 et
829 3314 878 3347 10.
895 3329 932 3337 -
958 3313 970 3333 ⁸
987 3311 1211 3353 lbia.,v.12‚
1233 3316 1263 3344 et
1286 3320 1345 3353 cap
1374 3319 1449 3353 xix,
1474 3321 1504 3344 r.
1524 3312 1577 3346 25.
1603 3328 1639 3335 —
1660 3310 1672 3332 ⁸
1688 3310 1793 3349 Ibid.,
1816 3319 1887 3351 cap.
1911 3317 2005 3351 xttx,
2024 3317 2055 3342 v.
2083 3311 2109 3343 t.
2135 3325 2170 3333 -
2190 3306 2297 3339 ‘Cod.
2321 3316 2329 3336 z
2352 3305 2432 3337 Tam

293 3362 463 3396 visibilem
480 3374 587 3406 quam
603 3365 824 3398 invisibilem.
1831 3401 1837 3406 .

455 3438 487 3463 11
2220 3421 2268 3457 59
