2638 3866
345 162 440 211 260
1154 160 1317 207 PETRI
1350 157 1660 206 ABAELARDI

346 280 450 328 quae
472 263 615 309 etiam
641 260 700 308 de
725 260 1001 324 alienigenis
1026 261 1174 308 multa
1197 260 1428 326 praecipit,
1457 276 1668 324 quorum
1700 259 1903 308 offensio
1929 262 2050 310 sicut
2077 273 2125 311 et
2153 267 2487 329 proximorum

346 343 538 390 vitanda
567 351 651 388 est.
691 340 785 388 Sed
815 357 926 388 cum
962 342 1061 389 duo
1089 341 1358 390 dilectionis
1390 341 1485 388 sint
1512 341 1652 402 rami,
1687 339 1879 388 dilectio
1902 342 2081 391 scilicet
2103 346 2210 405 Dei,
2237 346 2374 411 cujus
2391 352 2489 398 Ve-

347 425 457 470 ritas
497 423 600 487 ipsa
634 422 846 486 primum
886 432 933 469 et
972 423 1237 470 maximum
1276 421 1394 469 dicit
1438 437 1538 468 esse
1574 419 1856 468 mandatum
1873 458 1886 482 ,
1925 433 1973 470 et
2012 423 2204 473 dilectio
2245 429 2452 492 proximi
2472 468 2484 491 ,

346 501 596 567 quomodo
626 518 713 566 per
739 501 1048 550 dilectionem
1070 502 1281 569 proximi
1306 502 1381 549 lex
1404 500 1648 567 impletur,
1675 501 1767 548 nisi
1789 501 1890 550 haec
1914 502 2106 553 dilectio
2132 506 2262 554 illam
2294 526 2489 575 quoque

346 582 709 646 complectatur,
744 599 858 630 cum
891 600 1037 630 nemo
1072 583 1246 630 rectius
1282 582 1422 629 nobis
1460 582 1708 647 proximus
1744 583 1818 630 vel
1847 584 2028 633 amicus
2057 586 2116 633 sit
2152 587 2489 653 intelligendus

344 678 489 726 quam
526 663 627 727 ipse
662 663 887 711 conditor
922 674 1085 712 noster
1118 673 1164 710 et
1198 662 1503 728 redemptor,
1543 679 1570 710 a
1600 680 1698 727 quo
1734 673 1834 711 tam
1867 682 1957 713 nos
1985 666 2115 731 ipsos
2146 684 2292 732 quam
2325 672 2489 720 omnia

342 742 473 790 bona
497 742 750 806 habemus,
778 745 901 791 sicut
926 746 1028 810 ipse
1050 744 1308 809 Apostolus
1332 753 1683 791 commemorat
1702 743 1886 792 dicens¹
1915 764 1925 792 :
1957 768 1979 790 «
2000 747 2131 805 Quid
2154 757 2317 796 autem
2337 749 2488 800 habes

344 823 476 887 quod
501 841 599 871 non
626 825 880 890 accepisti?
901 844 923 870 »
949 828 1021 872 De
1047 824 1182 888 cujus
1208 824 1407 889 quidem
1431 825 1558 873 circa
1581 842 1671 872 nos
1694 825 1923 873 ineffabili
1947 829 2143 876 caritate
2167 828 2280 877 alibi
2303 829 2447 878 dicit²
2473 851 2483 878 :

349 905 713 952 «Commendat
744 915 904 953 autem
936 922 1072 952 suam
1106 906 1352 953 caritatem
1385 907 1514 952 Deus
1547 906 1595 952 in
1620 906 1779 968 nobis,
1815 908 2046 971 quoniam
2079 909 2146 956 sic
2183 926 2295 957 cum
2329 911 2488 960 adhuc

345 994 620 1048 peccatores
645 1002 871 1046 essemus,
899 986 1115 1033 Christus
1137 1002 1228 1052 pro
1254 985 1393 1033 nobis
1415 995 1635 1034 mortuus
1656 997 1741 1034 est.
1768 1007 1790 1032 >2
1819 991 1936 1035 Item
1956 990 2178 1036 rursum³
2205 1008 2215 1036 ε
2245 1009 2268 1036 «
2285 993 2487 1057 ProprIO

345 1065 462 1113 Filio
486 1083 573 1112 suo
594 1082 694 1113 non
715 1067 948 1131 pepercit,
966 1067 1051 1114 sed
1073 1083 1162 1133 pro
1179 1066 1321 1114 nobis
1340 1066 1567 1114 omnibus
1582 1068 1777 1115 tradidit
1791 1068 1942 1117 illum.
1959 1090 1981 1113 2>
2003 1073 2059 1117 Et
2075 1087 2162 1136 per
2178 1072 2488 1137 semetipsum

343 1145 484 1192 Filius
503 1146 617 1192 aitb:
649 1165 669 1190 a
690 1146 920 1209 Majorem
944 1148 1190 1195 caritatem
1213 1164 1358 1195 nemo
1381 1147 1529 1195 habet
1547 1157 1602 1196 ut
1622 1148 1833 1196 animam
1855 1166 2008 1212 suam,
2036 1160 2127 1197 etc.
2154 1171 2176 1194 >2
2196 1151 2335 1199 Unde
2358 1151 2489 1200 hunc

341 1226 646 1289 spiritualiter
680 1227 957 1291 proximum
988 1228 1037 1274 in
1067 1228 1164 1276 hoc
1199 1227 1467 1276 dilectionis
1500 1228 1730 1276 mandato
1761 1230 1991 1293 Origenes
2023 1231 2308 1295 intelligens,
2344 1233 2393 1280 in
2417 1250 2489 1281 se·

342 1305 600 1369 quentibus
624 1306 767 1371 hujus
790 1308 1001 1373 epistolae
1024 1309 1114 1356 ait⁵
1135 1326 1146 1355 ε
1177 1328 1200 1354 ι(
1221 1310 1269 1356 Si
1291 1308 1564 1373 diligentius
1586 1310 1802 1375 requiras
1824 1312 1930 1376 quis
1952 1312 2012 1359 sit
2032 1313 2281 1377 proximus
2305 1322 2487 1375 noster,

341 1384 493 1433 disces
523 1387 572 1434 in
610 1388 865 1452 Evangelio
895 1388 1032 1436 illum
1062 1406 1164 1437 esse
1202 1390 1287 1455 qui
1314 1391 1525 1454 jacentes
1555 1407 1645 1438 nos
1674 1391 1928 1439 inclinatos
1959 1391 2022 1440 ad
2051 1392 2295 1440 stabulum
2329 1393 2493 1442 Eccle—

341 1466 418 1513 siae
442 1467 629 1528 detulit,
657 1478 703 1516 et
726 1469 1007 1530 stabulario,
1028 1471 1204 1529 Paulo,
1225 1471 1303 1519 vel
1325 1472 1370 1518 ei
1391 1473 1473 1536 qui
1490 1471 1709 1519 Ecclesiae
1731 1482 1918 1537 praeest,
1939 1472 2061 1520 duos
2076 1473 2301 1521 denarios
2317 1475 2490 1523 veteris

343 1559 397 1590 ac
419 1545 534 1591 novi
556 1548 846 1594 Testamenti
874 1548 936 1594 ad
959 1559 1133 1596 nostrae
1155 1565 1280 1596 curae
1304 1550 1541 1597 concessit
1572 1566 1821 1614 expensas.
1849 1553 1990 1598 Hunc
2012 1551 2290 1617 proximum
2317 1551 2358 1599 si
2388 1551 2493 1600 dili-

343 1639 538 1686 gamus,
577 1626 733 1689 legem
773 1628 1063 1693 implemus;
1104 1648 1125 1675 «
1156 1629 1265 1677 finis
1297 1631 1427 1677 enim
1461 1630 1577 1694 legis
1601 1630 1858 1678 Christus⁶.
1884 1651 1906 1675 »
1935 1634 2057 1679 Cum
2089 1632 2250 1697 itaque
2282 1632 2492 1698 proximi

342 1721 520 1752 nomen
570 1707 713 1754 etiam
758 1711 916 1755 Deum
933 1746 945 1770 ,
987 1719 1035 1756 et
1071 1711 1279 1758 maxime
1318 1712 1478 1776 ipsum
1525 1711 1934 1776 comprehendat,
1984 1729 2145 1776 neque
2190 1712 2321 1759 enim
2357 1712 2493 1760 aliter

342 1784 535 1832 dilectio
568 1788 775 1851 proximi
805 1788 1026 1854 impleret
1049 1789 1220 1854 legem,
1258 1802 1448 1839 constat
1482 1791 1701 1857 profecto
1736 1808 1823 1856 per
1855 1792 2009 1857 ipsam
2045 1809 2265 1856 quoque,
2292 1793 2414 1840 sicut
2446 1802 2493 1840 et

342 1881 426 1929 per
450 1865 757 1915 dilectionem
781 1869 888 1930 Dei,
915 1870 1069 1934 legem
1094 1872 1301 1937 impleri,
1325 1873 1437 1937 quia
1459 1873 1542 1938 qui
1561 1876 1665 1919 Deo
1687 1888 1801 1919 vere
1819 1889 1907 1937 per
1931 1872 2240 1919 dilectionem
2263 1872 2489 1932 cohaeret,

341 1946 528 1993 nullum
553 1949 653 2012 ejus
676 1959 968 2014 praeceptum
989 1953 1256 2000 contemnit
1279 1954 1400 2002 sicut
1420 1954 1652 2019 scriptum
1672 1962 1770 2000 est:
1790 1972 1813 1998 «
1829 1953 1878 1999 Si
1900 1953 2008 2016 quis
2029 1952 2183 2017 diligit
2204 1970 2299 2014 me,
2316 1970 2494 2002 sermo-

347 2046 368 2069 «
389 2042 502 2073 nem
536 2045 700 2075 meum
730 2029 954 2077 servabit.
980 2051 1003 2074 >2
1022 2032 1286 2091 Quomodo
1315 2035 1460 2081 etiam
1483 2050 1596 2081 vera
1619 2042 1777 2099 potest
1800 2048 1901 2079 esse
1930 2031 2147 2093 dilectio,
2184 2050 2289 2098 quae
2324 2033 2494 2082 caritas

341 2107 532 2166 dicitur,
561 2110 653 2158 nisi
676 2109 738 2157 ad
760 2112 1026 2159 Dominum
1049 2112 1317 2162 referatur?
1331 2134 1353 2160 »
1374 2099 1433 2162 Et
1448 2115 1550 2180 ipse
1568 2114 1859 2177 Augustinus
1883 2112 1944 2160 de
1961 2112 2179 2160 doctrina
2197 2113 2489 2171 Christiana,

339 2187 464 2236 libro
489 2201 660 2254 quarto
682 2210 692 2238 ε
717 2211 740 2237 «
761 2193 1018 2242 Caritatem
1036 2213 1161 2243 voco
1183 2206 1373 2244 motum
1389 2197 1539 2243 animi
1559 2195 1621 2243 ad
1644 2195 1902 2243 fruendum
1921 2197 2026 2242 Deo
2050 2204 2251 2260 propter
2270 2198 2446 2243 Deum.
2466 2217 2489 2239 »

340 2268 491 2330 Idem,
509 2270 633 2319 libro
650 2271 708 2319 de
727 2273 934 2322 moribus
947 2275 1170 2324 Ecclesiae
1186 2287 1356 2326 contra
1371 2277 1683 2325 Manichaeos⁷
1700 2295 1711 2324 z
1734 2297 1757 2321 (ε
1773 2276 2015 2342 Scriptum
2030 2286 2101 2323 est
2113 2276 2246 2340 quia⁸
2259 2295 2284 2321 «
2295 2285 2494 2341 propter

346 2367 368 2391 c<
393 2357 435 2395 te
459 2351 695 2400 afficimur
721 2364 821 2402 tota
846 2355 942 2404 die.
963 2375 986 2401 >>
1007 2358 1189 2406 Caritas
1211 2375 1312 2405 non
1336 2359 1495 2423 potuit
1520 2358 1696 2422 signari
1718 2357 1987 2423 expressius
2009 2372 2157 2421 quam
2182 2373 2283 2421 quo
2309 2356 2494 2404 dictum

341 2438 412 2475 est
438 2448 461 2475 «
483 2443 681 2497 propter
712 2444 775 2482 te.
799 2454 821 2481 υ
851 2437 1081 2502 Quisquis
1104 2455 1219 2502 ergo
1243 2439 1438 2487 caritate
1461 2442 1565 2486 Deo
1595 2438 1822 2499 cohaeret,
1859 2454 1957 2503 qua
1983 2436 2164 2484 scilicet
2185 2436 2287 2484 sola
2315 2436 2494 2484 discer-

339 2519 524 2557 nuntur
556 2511 641 2559 filii
673 2516 762 2562 Dei
789 2532 817 2564 a
841 2515 948 2564 filiis
978 2517 1179 2580 diaboli,
1218 2529 1362 2584 atque
1394 2519 1506 2567 ideo
1540 2520 1642 2584 ejus
1666 2519 1836 2582 satagit
1858 2517 2194 2583 obtemperare
2224 2516 2488 2582 praeceptis,

338 2589 539 2655 implere
564 2594 722 2642 studet
742 2606 839 2644 tam
862 2614 918 2645 ea
938 2615 1042 2663 quae
1065 2600 1308 2665 pertinent
1329 2600 1391 2648 ad
1417 2600 1601 2648 alienos
1620 2616 1768 2665 quam
1788 2615 1894 2664 quae
1912 2599 2117 2646 attinent
2138 2596 2201 2644 ad
2224 2596 2492 2661 proximOS,

340 2679 386 2715 et
419 2671 467 2718 in
502 2675 715 2739 utrisque
749 2679 928 2742 pariter
964 2679 1181 2727 divinam
1222 2682 1357 2745 sequi
1394 2680 1693 2728 voluntatem
1726 2680 1911 2727 nititur.
1950 2677 2078 2726 Nihil
2116 2693 2230 2741 ergo
2268 2676 2411 2724 refert
2442 2685 2495 2723 ut

341 2750 468 2798 salva
489 2758 756 2805 reverentia
777 2768 974 2823 patrum
994 2777 1079 2808 seu
1104 2761 1304 2809 fratrum
1328 2761 1604 2826 loquamur,
1634 2771 1680 2809 et
1702 2761 1847 2824 longe
1871 2777 1899 2808 a
1922 2759 2221 2825 perfectione
2248 2756 2495 2821 Evangelii

341 2828 494 2891 legem
523 2833 749 2884 absistere
782 2839 1032 2902 fateamur,
1071 2858 1366 2908 omnemque
1395 2843 1592 2908 insuper
1624 2852 1722 2890 tam
1746 2841 2070 2907 Apostolicam
2099 2854 2246 2903 quam
2275 2840 2494 2900 Evange-

341 2907 481 2956 licam
517 2917 847 2965 auctoritatem
880 2937 1239 2970 conservemus.
1284 2923 1429 2981 Nihil,
1462 2924 1688 2988 inquam,
1727 2921 1871 2969 refert
1895 2923 1995 2968 sive
2018 2919 2296 2985 proximum
2320 2918 2370 2964 in
2390 2916 2493 2980 lege

344 3003 539 3037 omnem
578 2993 826 3046 hominem
861 3001 1205 3066 intelligamus,
1245 3004 1344 3052 sive
1379 3004 1578 3051 minime
1606 3022 1615 3050 :
1656 3001 1956 3062 dummodo,
1995 3009 2050 3047 ut
2083 2999 2266 3050 dictum
2306 3005 2402 3058 est,
2441 2997 2490 3043 in

386 3147 391 3164 ¹
409 3146 423 3177 Ῑ
443 3147 612 3190 C⁰Yf⁷²⁶hu
636 3162 705 3194 0³1)-
732 3163 776 3194 lv,
794 3165 824 3188 V·
840 3159 870 3189 7·
890 3175 929 3181 —-
947 3159 958 3177 ²
972 3159 1083 3200 Rom„
1106 3169 1177 3201 cap.
1190 3170 1222 3201 v,
1240 3169 1272 3193 v.
1293 3163 1323 3194 8.
1337 3178 1376 3184 —
1448 3169 1482 3201 p.
1499 3160 1551 3192 65.
1571 3159 1756 3197 —⁶Rom.,
1778 3166 1851 3197 cap.
1869 3165 1910 3196 x,
1925 3165 1957 3189 v.
1980 3158 2028 3190 14.
2048 3172 2091 3180 —-
2111 3158 2121 3177 ⁷
2135 3155 2212 3197 Cap.
2235 3162 2282 3193 tx,
2301 3153 2402 3194 Opp.,
2418 3155 2444 3184 t.
2462 3151 2489 3190 1,

346 3199 479 3240 ³Rom„
507 3211 578 3243 cap.
597 3213 671 3247 vm,
689 3216 720 3238 v.
746 3211 798 3242 32.
813 3212 878 3233 --⁴
895 3211 1002 3252 Joan.,
1030 3223 1101 3254 cap.
1131 3223 1187 3253 xv,
1205 3224 1234 3246 v.
1267 3216 1317 3248 13.
1336 3233 1374 3239 —
1449 3215 1512 3248 col.
1530 3216 1603 3248 692.
1622 3231 1662 3238 —
1676 3215 1687 3234 ⁸
1703 3211 1835 3245 Psalm.
1853 3219 1954 3251 xmu,
1979 3219 2011 3242 v.
2030 3212 2081 3246 22.

344 3253 355 3271 ⁵
370 3252 477 3293 Rom„
492 3264 563 3296 cap.
582 3265 653 3299 xm,
667 3268 698 3292 v.
716 3262 733 3293 8
750 3266 782 3293 et
796 3271 845 3303 sq.
877 3263 1001 3300 Comm.
1020 3267 1078 3300 lib.
1099 3267 1155 3309 IX,
1169 3269 1269 3310 Opp„
1282 3274 1306 3300 t.
1319 3268 1373 3308 lv,
