2638 3866
828 197 1224 249 1N'1‘RODUCT10
1261 199 1339 247 AD
1372 199 1781 249 THEOLOGlAM.
2322 207 2383 252 93

229 301 511 350 lecticorum
552 299 971 366 importunitatem
1011 299 1312 362 refellamus,
1356 317 1567 366 quorum
1605 299 1880 367 disciplinas
1915 313 1963 352 et
1998 319 2088 352 nos
2131 303 2381 370 paululum

229 381 527 446 attingimus,
553 390 698 445 atque
714 380 838 429 adeo
863 380 912 428 in
930 379 1100 428 studiis
1117 396 1287 428 eorum
1306 380 1614 447 profecimuS,
1636 391 1706 442 ut,
1728 384 1942 432 Domino
1966 384 2240 450 adjuvante,
2267 386 2384 453 ipsis

229 462 279 510 in
303 461 396 510 hac
419 478 471 510 re
489 478 576 527 per
596 461 835 510 humanas
859 462 1067 510 rationes
1090 476 1211 527 quas
1234 461 1360 509 solas
1385 460 1661 511 desiderant
1679 463 1948 514 satisfacere
1966 482 2056 515 nos
2082 483 2243 533 posse,
2262 484 2380 515 con-

228 539 452 591 fidamus.
495 541 652 590 Habet
686 543 816 590 enim
850 541 1088 590 humanas
1122 542 1334 599 rationes
1368 543 1515 592 etiam
1549 543 1778 591 conditor
1810 546 2009 595 rationis
2039 547 2165 613 ipse,
2204 547 2382 614 quibus

228 623 512 672 animalium
544 622 806 672 hominum
841 639 928 671 ora
963 622 1213 671 obstruere
1249 624 1418 690 possit,
1462 625 1547 689 qui
1581 641 1672 673 nos
1702 642 1788 691 per
1820 627 2114 692 Sapientiam
2149 629 2381 678 admonet

227 703 414 752 dicens¹
442 723 452 752 :
481 723 503 750 «
524 704 778 771 Responde
801 704 946 764 stulto
963 704 1100 769 juxta
1121 703 1369 754 stultitiam
1390 721 1547 764 suam,
1573 722 1635 753 ne
1660 705 1751 754 sibi
1775 723 1876 755 esse
1895 710 2085 774 sapiens
2109 710 2378 759 videatur.»

226 785 298 831 De
335 784 471 849 cujus
505 784 650 833 etiam
690 784 922 850 sapientia
957 784 1005 832 in
1031 786 1138 851 ipso
1173 784 1424 850 Sapientiae
1456 785 1609 845 libro,
1645 788 1771 834 inter
1807 797 1999 836 caeteras
2037 790 2180 837 etiam
2216 791 2382 840 laudes

227 865 399 930 ipsius,
425 864 625 913 dicitur²
648 884 658 913 ε
685 866 826 914 «Scit
855 866 1088 914 versutias
1127 882 1412 914 sermonum
1449 876 1497 914 et
1533 866 1875 933 dispositiones
1911 881 2324 933 argumentorum.
2354 894 2377 918 »

226 948 360 994 Tunc
397 962 514 995 vero
550 943 902 1013 probabiliores
937 946 1028 995 illis
1060 946 1305 996 afferimus
1341 946 1698 1011 similitudines,
1737 950 1776 996 si
1814 948 1876 998 de
1909 950 2022 1016 ipsis
2053 950 2235 1001 artibus
2262 970 2382 1019 quas

228 1026 561 1094 frequentant,
593 1044 673 1077 eas
702 1045 893 1077 sumere
916 1029 1234 1095 potuerimus,
1264 1037 1311 1078 et
1344 1028 1407 1077 ad
1434 1028 1620 1094 singula
1655 1047 1761 1095 quae
1792 1030 2052 1097 objiciunt,
2090 1032 2194 1082 illas
2231 1034 2383 1100 appli-

229 1109 489 1158 cuerimus.

292 1193 524 1250 Quaerunt
556 1203 717 1241 autem
752 1192 1004 1259 quomodo
1045 1194 1095 1242 in
1132 1197 1236 1243 Deo
1273 1210 1371 1244 una
1408 1196 1599 1262 penitus
1636 1206 1951 1263 permanente
1997 1197 2260 1246 substantia
2309 1200 2381 1247 vel

225 1273 430 1321 essentia
452 1273 630 1339 aliqua,
658 1274 723 1323 ihi
748 1277 1097 1342 proprietatum
1119 1277 1179 1324 sit
1200 1275 1467 1338 diversitas,
1495 1278 1766 1327 secundum
1781 1294 1901 1343 quas
1922 1278 2126 1327 Trinitas
2149 1296 2381 1345 persona-

224 1369 333 1401 rum
370 1364 576 1404 constat.
618 1356 703 1404 Vel
737 1355 990 1421 quomodo
1034 1366 1193 1423 potest
1235 1374 1367 1420 esse,
1403 1368 1457 1406 ut
1496 1376 1610 1407 cum
1646 1375 1944 1424 unaquaeque
1987 1359 2058 1408 ibi
2086 1377 2292 1426 persona
2323 1362 2381 1408 sit

223 1436 377 1496 Deus,
401 1452 491 1483 nec
515 1446 675 1484 tamen
700 1454 794 1485 una
826 1454 1035 1503 persona
1057 1438 1116 1486 sit
1139 1438 1254 1500 alia,
1281 1455 1380 1486 non
1403 1439 1548 1487 etiam
1571 1439 1733 1505 plures
1756 1440 1849 1501 dii,
1876 1441 1998 1488 sicut
2020 1450 2066 1488 et
2087 1441 2250 1506 plures
2272 1459 2378 1508 per-

223 1531 353 1563 sonae
381 1516 477 1564 sint
499 1516 709 1565 dicendi.
740 1520 832 1565 Aut
865 1535 971 1583 quae
1004 1519 1064 1566 sit
1096 1518 1308 1584 denique
1331 1521 1576 1583 generatio
1612 1520 1714 1568 Filii
1748 1520 1809 1568 de
1842 1524 1998 1583 Patre,
2028 1520 2103 1569 vel
2135 1524 2379 1587 processio

224 1596 427 1661 Spiritus
457 1596 519 1646 ab
539 1607 763 1663 utroque.
794 1600 942 1658 Quod
968 1599 1167 1665 quidem
1204 1609 1258 1648 ut
1289 1599 1566 1666 diligentius
1597 1600 1704 1663 fiat,
1742 1602 2131 1666 praemittendum
2160 1612 2229 1651 est
2261 1614 2381 1667 quot

231 1678 391 1727 modis
410 1679 557 1740 idem,
585 1690 632 1727 et
654 1690 775 1744 quot
798 1680 958 1729 modis
984 1680 1231 1729 diversum
1261 1681 1543 1747 accipiatur.

289 1758 459 1807 Tribus
482 1769 644 1808 autem
666 1760 825 1809 modis
848 1771 1126 1827 utrumque,
1152 1771 1199 1810 et
1234 1761 1433 1810 fortasse
1456 1762 1674 1828 pluribus
1711 1763 1807 1812 dici
1830 1765 1967 1814 solet.
2002 1766 2137 1816 Idem
2169 1784 2380 1834 namque

222 1839 553 1903 similitudine,
580 1841 730 1903 idem,
751 1842 1064 1892 essentialiter
1100 1844 1204 1892 sine
1244 1860 1469 1906 numere,
1512 1843 1644 1892 idem
1677 1847 1970 1911 proprietate
1994 1848 2215 1897 dicimus.
2246 1849 2379 1899 Idem

222 1920 552 1983 similitudine,
594 1940 705 1971 cum
731 1923 925 1972 easdem
955 1941 1029 1972 res
1052 1923 1184 1995 apud
1210 1941 1380 1973 omnes
1405 1942 1534 1987 esse,
1576 1925 1698 1973 sicut
1720 1936 1769 1974 et
1790 1927 2077 1991 intellectus,
2111 1931 2382 1980 Aristoteles

223 2003 404 2065 asserit,
428 2013 474 2051 et
493 2020 584 2051 nos
598 2003 792 2052 eanem
809 2004 1058 2053 mercedes
1081 2005 1133 2052 in
1155 2004 1249 2054 hac
1265 2016 1311 2054 et
1328 2007 1378 2053 in
1395 2005 1473 2054 illa
1487 2007 1678 2054 civitate
1696 2009 1896 2072 reperiri
1918 2009 2139 2059 dicimus.
2157 2014 2270 2060 Tam
2297 2030 2380 2059 nu-

221 2098 357 2130 mero
377 2094 537 2133 autem
549 2102 695 2150 quam
719 2086 1031 2134 essentialiter
1053 2085 1184 2134 idem
1207 2097 1336 2149 sunt,
1372 2105 1485 2135 cum
1509 2088 1569 2136 sit
1592 2088 1762 2136 eadem
1793 2092 2023 2153 essentia3
2061 2102 2159 2140 tam
2183 2092 2279 2140 hoc
2309 2105 2379 2142 est

222 2179 369 2228 quam
391 2165 528 2225 illud,
551 2177 605 2214 ut
628 2168 950 2215 numerumin
974 2183 1024 2215 se
1051 2183 1214 2215 rerum
1238 2185 1338 2216 non
1365 2167 1578 2216 habeant
1596 2205 1608 2228 ,
1647 2186 1737 2217 nec
1766 2187 1841 2218 res
1863 2171 2025 2237 plures
2054 2190 2258 2221 numero
2284 2174 2380 2222 dici

222 2255 419 2309 queant,
447 2256 502 2294 ut
520 2247 568 2294 in
594 2249 791 2296 Socrate
813 2247 985 2310 hom0,
1015 2258 1062 2296 et
1093 2248 1290 2311 animal,
1317 2247 1394 2297 vel
1419 2248 1573 2297 homo
1593 2260 1641 2298 et
1668 2250 1865 2300 risibile.
1893 2254 2190 2320 Proprietate
2216 2265 2378 2303 autem

222 2340 305 2372 seu
342 2325 625 2391 definitione
662 2327 793 2375 idem
817 2338 947 2390 sunt,
984 2345 1090 2394 quae
1131 2345 1232 2377 non
1257 2328 1417 2377 solum
1451 2346 1656 2378 numero
1679 2342 1790 2380 sunt
1825 2333 2016 2396 eadem,
2038 2352 2207 2383 verum
2235 2336 2377 2384 etiam

219 2421 311 2453 nec
333 2407 707 2473 proprietatibus
730 2408 855 2469 ullis,
885 2426 974 2457 nec
993 2410 1203 2476 propriis
1226 2409 1502 2477 discrepant
1521 2411 1933 2475 similitudinibus,
1961 2425 2014 2463 ut
2040 2416 2165 2464 ensis
2189 2427 2234 2463 et
2264 2434 2378 2464 mu-

221 2502 322 2549 cre,
346 2488 420 2536 vel
443 2488 609 2537 album
624 2500 672 2538 et
686 2489 970 2539 candidum.
995 2494 1155 2550 Quam
1169 2491 1368 2556 quidem
1385 2493 1646 2541 maximam
1664 2493 1965 2543 identitatem
1977 2496 2114 2562 juxta
2125 2499 2377 2563 proprium

220 2576 267 2614 et
295 2565 572 2634 expressum
606 2587 706 2619 esse
730 2573 799 2620 rei
826 2571 1054 2621 Boethius
1080 2571 1334 2621 attendens
1360 2573 1408 2620 in
1441 2574 1601 2638 primo
1641 2576 1940 2640 Topz'corum,
1958 2577 2051 2624 ait³
2083 2595 2093 2623 :
2123 2598 2146 2622 «
2171 2580 2375 2627 Rursum

221 2657 380 2711 potest
401 2649 461 2698 de
485 2667 544 2698 eo
568 2651 704 2717 quod
728 2661 798 2700 est
819 2652 970 2714 idem,
997 2651 1101 2701 fieri
1125 2662 1390 2712 certamen,
1417 2662 1471 2700 ut
1492 2670 1553 2702 an
1575 2654 1705 2703 idem
1730 2657 1790 2702 sit
1813 2655 1928 2704 utile
1957 2656 2090 2721 quod
2112 2657 2374 2709 honestum

223 2738 309 2776 est.
325 2730 418 2778 Sed
437 2730 540 2780 haec
557 2732 809 2796 quomodo
821 2732 1093 2782 definitioni
1117 2743 1188 2781 est
1207 2733 1509 2798 aggreganda
1528 2734 1547 2780 Ξ)
1573 2737 1791 2792 Quarum
1817 2737 1947 2783 enim
1972 2753 2133 2786 rerum
2156 2738 2373 2789 definitio

224 2818 296 2856 est
317 2809 506 2873 eadem,
536 2813 648 2877 ipsae
665 2812 866 2877 quidem
888 2813 1070 2862 eaedem
1089 2824 1216 2861 sunt.
1248 2816 1468 2871 Quarum
1489 2829 1607 2862 vero
1631 2815 1819 2864 diversa
1840 2817 1964 2864 ratio
1985 2817 2261 2869 substantiae
2281 2815 2373 2883 est,

220 2888 418 2939 diversae
440 2892 584 2940 etiam
608 2894 720 2959 ipsae
737 2904 865 2942 sunt.
899 2914 922 2939 υ
943 2894 1112 2943 Tribus
1132 2895 1277 2943 etiam
1294 2893 1454 2942 modis
1477 2894 1598 2943 solet
1621 2895 1866 2946 diversum
1892 2900 2017 2948 sumi
2041 2902 2372 2964 essentialiter,

220 2970 399 3020 scilicet
423 2989 646 3034 numero,
674 2976 996 3040 proprietate,
1023 2992 1109 3023 seu
1143 2974 1444 3023 definitione.
1472 2976 1670 3025 Diversa
1699 2994 1912 3044 namque
1952 2982 2266 3031 essentialiter
2300 2984 2373 3032 di—

222 3052 395 3112 cimus,
422 3054 461 3102 si
484 3053 656 3102 eadem
679 3056 885 3103 essentia
915 3072 1021 3121 quae
1043 3065 1115 3103 est
1135 3055 1248 3118 hoc,
1275 3073 1377 3104 non
1413 3058 1475 3105 sit
1500 3056 1637 3115 illud,
1667 3067 1715 3106 et
1737 3060 1777 3107 si
1805 3057 1959 3108 homo
1983 3071 2071 3122 est,
2105 3063 2282 3111 nullius
2305 3081 2376 3112 es-

219 3134 371 3181 sentia
383 3144 615 3199 tanquam
632 3152 741 3201 pars
758 3135 1050 3199 includatur,
1067 3146 1118 3184 ut
1135 3153 1308 3186 manus
1325 3147 1372 3186 et
1392 3137 1562 3186 homo.
1582 3141 1717 3188 Tunc
1732 3156 1847 3188 vero
1873 3141 2015 3190 etiam
2036 3160 2243 3192 numero
2261 3155 2371 3192 sunt

266 3307 402 3350 ·Prov.‚
420 3317 493 3350 cap.
510 3317 600 3351 xxvt,
619 3319 647 3343 v.
667 3312 697 3344 5.
718 3328 755 3333 —
771 3311 782 3329 ²
798 3310 965 3352 sapient„
993 3319 1063 3352 cap.
1083 3319 1153 3352 vm,
1170 3320 1199 3344 v.
1216 3313 1249 3345 8.
1265 3329 1302 3335 —
1327 3313 1339 3333 ⁸
1355 3313 1401 3345 De
1418 3310 1503 3354 Diss.
1524 3313 1617 3355 Pop„
1641 3313 1697 3346 lib.
1724 3322 1747 3355 ι,
1765 3323 1798 3355 p.
1817 3315 1890 3350 860.
