2638 3866
943 230 1286 279 THEOLOGlA
1322 230 1696 285 CHRlSTlANA.
2308 229 2403 276 399

249 342 452 398 Quantae
493 344 655 384 autem
704 331 947 397 religionis
993 348 1078 379 seu
1126 330 1422 380 abstinentiae
1465 330 1674 398 populus
1717 333 2095 395 Bragmanorum
2139 329 2309 392 suerit,
2353 341 2406 379 ut

250 419 341 468 illis
369 421 498 466 Deus
525 431 672 482 supra
694 414 940 462 universas
966 413 1188 460 nationes
1220 411 1333 461 fidei
1356 429 1500 461 sacrae
1532 412 1895 476 intelligentiam
1922 412 2153 477 inspirare
2184 411 2401 471 deberet,

249 498 470 565 Epistola
494 495 712 545 Dindimi
735 493 798 543 ad
827 492 1153 542 Alexandrum
1181 493 1475 553 continetur,
1510 492 1687 558 quibus
1709 491 1906 558 quidem
1943 493 2156 558 epistolis
2173 529 2185 552 ,
2218 493 2258 540 si
2287 491 2406 540 fides

248 578 528 629 adhibenda
551 578 629 637 sit,
671 575 803 624 nulla
828 574 1085 623 hominum
1109 574 1206 621 vita
1237 584 1687 639 quantumcumque
1719 573 2055 638 religiosorum
2073 610 2085 632 ‚
2120 574 2407 621 innocentiae

248 670 394 726 atque
423 657 726 709 abstinentiae
751 654 1168 704 Brachmanorum
1205 654 1547 721 aequiparanda
1582 654 1788 703 videtur.
1832 656 1932 702 Hos
1965 664 2127 702 autem
2157 654 2206 701 in
2244 671 2406 702 exem·

248 741 386 807 plum
419 738 719 787 abstinentiae
752 736 922 784 beatus
955 751 1152 801 quoque
1182 735 1508 800 Hieronymus
1537 734 1680 783 nobis
1705 735 1954 801 proponit,
1992 734 2053 782 de
2081 735 2258 799 quibus
2285 735 2409 783 inter

247 831 406 871 cetera
443 821 491 867 in
527 817 744 867 secundo
782 819 961 866 Contra
994 818 1301 865 Joviaianum
1336 817 1554 864 meminit
1585 816 1750 864 dicens
1790 833 1800 862 :
1847 835 1869 861 α
1893 815 2182 863 Bardesanes
2215 816 2287 862 vir
2323 819 2404 863 Ba·

247 901 473 967 bylonius
508 900 557 948 in
593 899 693 947 duo
725 898 954 962 dogmata
982 896 1114 963 apud
1148 896 1296 945 Indos
1326 896 1762 964 Gymnosophistas
1789 896 1978 956 dividit,
2010 913 2222 961 quorum
2257 913 2408 943 unum

248 981 458 1050 appellat
495 980 834 1039 BrachmanaS,
874 979 1076 1029 alterum
1112 979 1396 1039 Samoneos,
1439 979 1523 1044 qui
1564 988 1704 1026 tantae
1738 978 2044 1026 continentiae
2079 987 2209 1037 sunt,
2250 986 2301 1024 ut
2335 977 2407 1025 vel

249 1064 408 1130 pomis
442 1062 678 1112 arborum
715 1062 851 1127 juxta
886 1063 1105 1125 Gangym
1143 1059 1372 1122 fluvium,
1410 1060 1487 1107 vel
1522 1059 1717 1126 publico
1757 1060 1897 1107 orizae
1941 1069 1989 1107 et
2024 1059 2185 1107 farinae
2218 1059 2407 1107 alantur

249 1144 386 1205 cibo;
420 1154 468 1192 et
493 1161 605 1192 cum
635 1160 720 1190 rex
745 1141 808 1190 ad
840 1159 924 1190 eos
946 1140 1146 1200 venerit,
1182 1140 1384 1209 adorare
1407 1140 1516 1189 illos
1548 1140 1718 1188 solitus
1741 1140 1823 1198 sit,
1854 1157 2121 1206 pacemque
2149 1140 2406 1205 provincias

252 1242 347 1273 suae
377 1226 428 1272 in
453 1225 646 1273 illorum
675 1223 896 1290 precibus
918 1221 1138 1270 arbitrari
1163 1222 1320 1270 sitam.
1342 1241 1366 1267 »
1394 1221 1465 1269 Ad
1494 1239 1617 1287 quos
1648 1222 1791 1269 etiam
1815 1221 1978 1269 divina
2000 1222 2148 1287 gratia
2174 1221 2409 1286 proed'oea-

255 1306 437 1354 tionem
470 1306 714 1370 Evangelii
743 1304 995 1366 directam,
1030 1304 1131 1369 ipsa
1158 1302 1375 1367 ejusdem
1403 1303 1624 1368 Epelstola
1658 1303 1720 1350 ad
1744 1320 1974 1367 magnum
2012 1312 2254 1350 oratorem
2292 1319 2408 1367 per-

256 1385 393 1434 hibet
418 1386 492 1434 his
515 1386 703 1435 verbis:
726 1389 1004 1433 «Pantenus
1032 1385 1201 1432 Stoicae
1230 1395 1367 1432 sectae
1395 1384 1730 1451 philosophus,
1759 1383 1823 1430 ob
1848 1384 2097 1450 praecipuae
2120 1382 2407 1431 eruditionis

256 1466 461 1531 gloriam
484 1485 510 1515 a
537 1468 782 1515 Demetrio
811 1465 1107 1515 Alexandriae
1139 1465 1569 1531 episcopo'missus
1594 1476 1664 1513 est
1697 1465 1901 1527 Indiam,
1929 1475 1983 1512 ut
2006 1464 2246 1512 Christum
2273 1464 2404 1530 apud

263 1548 586 1597 Brachmanas
609 1559 655 1597 et
679 1548 804 1596 illius
827 1548 980 1612 gentis
1003 1546 1322 1613 philosophos
1345 1546 1642 1613 praedicaret.
1674 1567 1697 1591 ›>

318 1632 478 1677 Restat
509 1629 722 1696 denique
755 1629 816 1677 ad
849 1629 1113 1677 maximum
1142 1628 1278 1675 illum
1306 1627 1569 1676 latinorum
1592 1627 1959 1693 philosophum,
1989 1627 2206 1674 Boetium
2231 1626 2409 1673 scilicet

250 1709 562 1773 descendere,
600 1710 684 1775 qui
712 1726 884 1758 omnes
913 1710 1011 1757 fere
1039 1708 1310 1757 liberalium
1339 1710 1512 1757 artium
1548 1709 1826 1774 disciplinas
1855 1706 2114 1756 scribendo
2143 1707 2219 1755 vel
2254 1717 2407 1754 trans·

247 1790 467 1850 ferendo,
510 1807 595 1838 seu
635 1791 780 1838 etiam
814 1789 1106 1856 exponendo
1145 1788 1305 1836 latinis
1340 1789 1556 1850 tradidit,
1598 1806 1654 1836 ac
1681 1789 1934 1852 diligenter
1971 1798 2143 1835 sanctae
2166 1788 2406 1835 Trinitatis

249 1869 398 1918 fidem
432 1869 724 1935 Symmacho
766 1888 938 1919 socero
971 1888 1060 1919 suo
1092 1880 1138 1918 et
1169 1871 1485 1936 compatricio
1525 1869 1783 1918 scribendo
1817 1871 2100 1932 edisserens,
2137 1870 2197 1917 de
2225 1870 2407 1916 unitate

245 1967 443 2016 quoque
481 1967 700 2017 personae
737 1951 912 1999 Christi
953 1968 1009 1999 ac
1048 1951 1321 1998 diversitate
1362 1961 1644 1998 naturarum
1683 1968 1789 2016 quae
1830 1951 1878 1998 in
1919 1953 2025 2016 ipso
2066 1961 2195 2010 sunt,
2238 1950 2409 1997 divinae

245 2031 426 2079 scilicet
465 2042 512 2080 et
553 2031 796 2093 humanae,
839 2032 902 2080 ad
944 2031 1218 2080 Johannem
1256 2032 1543 2094 diaconum,
1587 2033 1670 2097 qui
1706 2042 1875 2098 postea
1911 2048 2035 2097 papa
2073 2031 2268 2078 effectus
2308 2040 2403 2089 est,

244 2115 503 2163 scribendo
534 2126 706 2164 contra
734 2116 990 2164 Eutichem
1022 2126 1069 2163 et
1100 2117 1373 2164 Nestorium
1405 2117 1588 2182 optime
1614 2116 1892 2182 disputavit,
1920 2115 2164 2178 fidemque
2194 2124 2406 2161 nostram

246 2206 294 2243 et
326 2213 467 2244 suam
507 2214 568 2244 ne
595 2197 644 2244 in
680 2197 844 2262 aliquo
880 2196 1142 2256 vacillaret,
1180 2206 1278 2244 tam
1313 2196 1374 2244 de
1404 2197 1654 2245 divinitate
1688 2213 1835 2261 quam
1869 2196 1929 2243 de
1957 2196 2216 2243 divinitatis
2254 2198 2407 2243 lncar-

245 2277 443 2324 natione
463 2277 715 2325 tractando
734 2315 746 2338 ,
780 2277 1214 2343 inexpugnabiliter
1236 2278 1451 2325 astruxit.
1480 2280 1679 2325 Constat
1701 2277 1835 2324 hunc
1857 2277 2101 2341 egregium
2135 2287 2405 2324 senatorem

245 2359 546 2418 Romanum,
587 2358 842 2407 consulem
891 2376 1090 2424 quoque
1138 2369 1283 2424 atque
1321 2360 1607 2425 patricium,
1656 2369 1874 2425 tempore
1924 2359 2138 2424 praedicti
2176 2358 2407 2406 Johannis

243 2455 378 2505 papae
410 2439 633 2489 floruisse
668 2457 695 2488 a
724 2441 951 2488 Silvestro
989 2443 1112 2507 papa
1143 2441 1378 2504 vigesimi,
1414 2451 1462 2489 et
1495 2458 1608 2488 eum
1640 2441 1690 2488 in
1724 2441 1802 2489 illa
1829 2441 2162 2507 persecutione
2186 2439 2406 2487 Christia-

242 2537 440 2580 norum,
476 2537 573 2586 qua
610 2522 660 2568 in
695 2521 971 2570 Johannem
1006 2538 1182 2588 papam
1219 2531 1503 2587 ceterosque
1542 2522 1829 2570 christianos
1867 2521 2195 2569 Theodericus
2230 2520 2399 2577 saeviit,

244 2618 340 2649 una
360 2619 473 2649 cum
493 2602 724 2667 praedicto
750 2603 1043 2668 Symmacho
1068 2603 1368 2651 occubuisse.
1394 2606 1465 2650 De
1490 2620 1590 2668 quo
1613 2603 1663 2650 in
1690 2606 1846 2651 Gestis
1868 2604 2180 2668 Pontificum,
2208 2617 2400 2648 necnon

242 2682 291 2729 in
317 2682 443 2730 libro
470 2683 816 2731 Miracalorum
842 2688 893 2731 B.
919 2684 1164 2731 Benedicti
1196 2684 1429 2749 scriptum
1457 2694 1543 2743 est,
1577 2684 1782 2748 qualiter
1807 2683 2027 2730 videlicet
2054 2682 2224 2730 ambos
2247 2681 2402 2728 Theo-

242 2762 433 2810 dericus
457 2780 537 2810 rex
562 2764 837 2811 Gothorum
862 2765 1117 2812 interfecit.
1146 2767 1200 2810 In
1232 2765 1388 2811 Gestis
1412 2763 1612 2828 quidem
1636 2765 1703 2811 ita
1726 2764 1958 2829 scriptum
1982 2763 2189 2828 reperies
2210 2780 2220 2808 z
2251 2781 2275 2807 «
2305 2764 2402 2809 Rex

241 2842 494 2890 haereticus
526 2843 850 2892 Theodericus
884 2845 1009 2892 duos
1043 2854 1290 2892 senatores
1312 2853 1359 2890 et
1390 2843 1612 2891 consules
1642 2853 1689 2891 et
1710 2844 1936 2909 patricios
1959 2843 2119 2907 gladio
2145 2843 2395 2903 interfecit,

242 2924 463 2971 Boetium
487 2933 535 2970 et
558 2925 905 2989 Symmachum
920 2962 932 2986 ,
960 2942 1171 2990 quorum
1195 2925 1339 2971 etiam
1364 2924 1599 2972 abscondi
1633 2941 1839 2990 corpora
1861 2925 2102 2990 praecepit.
2124 2944 2147 2968 »
2187 2927 2239 2971 In
2276 2924 2401 2971 libro

241 3013 403 3052 autem
428 3005 781 3053 Mc'raculoram
802 3005 1016 3072 praedicti
1040 3005 1193 3053 sancti
1215 3005 1281 3053 ita
1298 3005 1597 3053 continetur:
1616 3026 1637 3050 t<
1652 2995 1976 3054 Th50dericus
1998 3015 2109 3072 post
2124 3005 2401 3053 Odoacrem

240 3087 518 3136 Gothorum
561 3089 887 3155 principatum
922 3106 1037 3136 cum
1069 3089 1203 3153 regio
1232 3089 1432 3137 nomine
1465 3089 1748 3156 suscipiens,
1781 3089 1933 3137 homo
1961 3089 2190 3156 pestilens
2220 3089 2401 3135 Arianae

240 3178 396 3231 sectae,
435 3170 647 3234 denique
671 3171 807 3218 ‘inter
838 3180 999 3219 cetera
1036 3170 1267 3232 facinora,
1304 3170 1578 3218 Johannem
1616 3187 1792 3237 papam
1828 3171 2071 3236 corporali
2106 3170 2267 3217 inedia
2297 3185 2399 3216 ma-

241 3259 457 3297 ceratum
489 3251 696 3313 necavit,
733 3251 954 3318 duosque
993 3252 1222 3300 senatorii
1259 3251 1442 3299 ordinis
1478 3252 1609 3298 viros
1644 3261 1692 3298 et
1723 3251 2023 3310 exconsules,
2056 3249 2398 3315 Symmachum

241 3328 460 3378 videlicet
474 3341 618 3397 atque
647 3333 866 3381 Boetium
889 3334 937 3381 in
963 3350 1156 3382 carcere
1182 3332 1342 3398 gladio
1368 3332 1825 3381 transverberavit.»
1843 3333 2139 3395 Cumitaque
2164 3330 2399 3377 Dominus
