2638 3866
283 238 378 284 344
912 254 914 256 -
1087 232 1256 278 earm
1291 221 1605 280 ABAELARm

281 339 330 384 id
354 346 423 384 est
447 351 533 400 per
557 334 785 398 Spiritum
806 340 1040 390 sanctum,
1067 332 1150 395 qui
1173 340 1226 377 ut
1247 347 1391 396 supra
1414 332 1597 381 dictum
1624 342 1711 390 est,
1746 332 1885 379 docet
1909 349 1999 380 nos
2020 335 2134 398 quid
2161 337 2397 384 orandum

280 419 337 463 sit
377 425 424 462 et
456 412 664 479 postulat
690 427 778 476 pro
808 409 947 457 nobis
970 410 1306 473 gemitibus....
1329 410 1405 458 ¹id
1428 421 1499 459 est
1520 420 1737 459 sanctum
1756 413 2319 476 consequatureffeotum
2348 427 2398 463 ut

280 513 367 542 nos
392 509 559 541 omnes
582 502 772 539 sanctos
795 490 984 539 efficiat.

345 594 367 618 «
392 573 556 620 Habeo
582 588 712 635 ergo.
735 590 758 615 »
787 571 910 629 Quia
944 569 1163 616 videlicet
1197 570 1260 616 ita
1291 570 1411 617 facio
1441 586 1547 633 quae
1580 570 1763 619 Christi.
1788 582 1903 619 sunt
1929 573 2214 637 quaerendo,
2242 574 2401 623 habeo

279 674 301 698 «
323 653 560 717 gratiam»
586 652 701 699 hinc
723 667 813 717 pro
837 651 1042 711 Christo,
1067 650 1144 696 cui
1168 650 1216 696 in
1237 649 1332 697 hoc
1354 650 1590 711 deservio,
1617 650 1679 698 ad
1700 651 1834 714 quod
1859 673 1882 696 <c
1899 655 2070 714 Deum,
2088 674 2111 697 »
2135 653 2185 701 id
2209 663 2278 701 est
2298 671 2403 720 pre-

274 735 410 793 tium,
438 732 604 780 divino
626 731 835 796 judicio,
873 731 909 777 si
945 747 1044 777 non
1080 729 1326 789 humano,
1363 730 1483 779 hinc
1519 731 1733 794 acquiro,
1777 732 1922 789 Quod
1957 733 2152 797 quidem
2193 733 2400 783 dicendo

272 814 491 878 exemplo
511 829 599 861 suo
623 812 686 859 ad
709 812 923 858 fraternae
946 809 1215 857 dilectionis
1236 810 1604 858 sollicitudinem
1616 827 1697 857 eos
1712 810 2011 860 adhortatur.
2043 834 2065 857 «
2084 817 2191 860 Non
2207 814 2356 861 enim.
2371 833 2394 856 >2

273 892 494 940 Ostendit
529 891 780 957 quomodo
804 889 1065 938 sanctificet
1098 890 1172 936 vel
1202 890 1509 938 commendet
1539 890 1928 955 praedicationem
1948 894 2121 954 suam,
2156 893 2319 959 dicens
2351 910 2400 940 se

272 989 370 1019 uon
405 989 692 1037 praesumere
725 971 906 1035 aliquid
931 970 1081 1034 loqui,
1113 969 1163 1016 id
1185 979 1256 1017 est
1278 970 1366 1017 sibi
1387 970 1623 1035 imputare
1646 987 1731 1034 per
1748 970 2042 1033 jactantiam,
2068 989 2275 1036 quorum
2300 988 2399 1020 non

270 1052 445 1099 habeat
470 1051 746 1111 efficaciam,
771 1051 893 1098 sicut
915 1049 1099 1114 pseudo
1119 1049 1332 1114 Apostoli
1352 1049 1601 1099 faciebant.
1633 1068 1654 1094 «
1670 1051 1722 1096 ln
1748 1049 2023 1098 obedientia
2044 1053 2288 1110 Gentium,
2303 1070 2327 1096 »
2349 1052 2400 1099 id

271 1143 341 1179 est
362 1143 559 1198 propter
590 1133 686 1180 hoc
715 1142 770 1179 ut
803 1131 1131 1179 obedientiam
1163 1131 1287 1181 inter
1306 1133 1482 1179 Gentes
1518 1130 1729 1192 traham,
1754 1131 1855 1179 haec
1889 1131 2034 1180 efficit
2064 1133 2279 1198 inquam,
2312 1134 2401 1180 «in

272 1213 419 1260 ver-bo
435 1248 448 1271 ‚
472 1234 494 1257 υ
529 1212 579 1260 id
605 1222 676 1259 est
698 1229 783 1276 per
806 1210 1009 1258 verbum
1031 1227 1190 1268 suum,
1221 1231 1243 1254 α
1265 1221 1310 1258 et
1333 1211 1481 1269 factis,
1504 1231 1527 1255 ³>
1553 1210 1605 1258 id
1627 1221 1700 1258 est
1726 1228 1812 1276 per
1832 1213 2076 1261 miracula.
2106 1216 2222 1271 Quae
2242 1214 2403 1261 statim

273 1294 392 1340 facta
414 1292 676 1340 subdividit
695 1292 879 1349 dicens,
905 1291 991 1336 «in
1013 1291 1209 1351 virtute,
1224 1310 1248 1336 »
1268 1291 1316 1338 id
1339 1302 1409 1338 est
1426 1308 1512 1356 per
1528 1291 1793 1356 potentiam
1813 1292 1930 1342 mihi
1947 1293 2188 1354 collatam,
2213 1314 2236 1339 α
2247 1295 2404 1358 signo·

272 1389 379 1419 rum
404 1383 451 1419 et
486 1372 835 1437 prodigiorum,
859 1389 883 1415 »
907 1369 958 1417 id
995 1380 1064 1420 est
1101 1371 1348 1434 signorum
1379 1370 1686 1419 mirabilium.
1724 1374 1845 1420 Sunt
1867 1373 1996 1420 enim
2030 1374 2164 1438 signa
2185 1373 2402 1438 quaedam

273 1453 520 1512 naturalia,
542 1453 603 1500 de
627 1451 802 1516 quibus
817 1467 916 1498 non
942 1451 1193 1510 miramur,
1214 1451 1336 1499 sicut
1358 1451 1419 1499 de
1441 1451 1644 1517 planetis
1659 1454 1887 1517 scriptum
1906 1463 1993 1512 est,
2018 1464 2071 1501 ut
2091 1454 2251 1501 sintin
2273 1457 2404 1518 signa

274 1543 320 1578 et
342 1543 576 1597 tempora.
605 1535 722 1590 Quae
743 1548 859 1578 vero
885 1540 1054 1577 contra
1077 1540 1315 1598 naturam,
1343 1531 1396 1579 id
1420 1541 1492 1579 est
1516 1532 1744 1580 usitatum
1766 1542 1946 1580 naturae
1969 1549 2162 1581 cursum
2185 1534 2402 1592 veniunt,

272 1622 324 1658 ut
359 1613 574 1677 leprosos
599 1611 851 1669 mundare,
877 1610 952 1657 vel
979 1619 1197 1657 mortuos
1230 1612 1472 1672 suscitare,
1497 1612 1599 1660 haec
1633 1612 1871 1677 prodigia,
1906 1613 1958 1660 id
1991 1623 2058 1661 est
2093 1613 2408 1663 admiratione

273 1691 426 1756 digna·
458 1692 699 1738 dicuntur.
743 1690 883 1737 Unde
918 1690 1192 1754 prodigium
1229 1692 1362 1754 quasi
1406 1692 1713 1756 prodendum
1758 1692 1906 1756 digito
1946 1693 2138 1740 dicitur.
2180 1694 2407 1741 «Virtute

276 1771 478 1835 Spiritus
500 1772 652 1818 sancti
665 1807 676 1826 ,
695 1789 717 1814 n
742 1770 792 1817 id
814 1779 883 1817 est
904 1786 963 1816 ex
985 1778 1220 1834 potestate
1243 1786 1330 1834 per
1353 1771 1552 1832 gratiam
1569 1772 1656 1818 Dei
1671 1771 1788 1818 mihi
1802 1772 1993 1831 collata,
2011 1773 2073 1820 ad
2087 1772 2405 1821 differentiam

273 1850 448 1898 scilicet
475 1850 820 1897 miraculorum
853 1848 1126 1896 Antichristi
1164 1865 1248 1896 seu
1276 1866 1545 1913 magorum.
1573 1851 1803 1914 Origenes
1825 1870 1835 1898 :
1869 1870 1892 1896 «
1919 1853 2064 1915 Signa
2085 1852 2403 1918 appellantur,

270 1932 319 1976 in
345 1930 518 1995 quibus
542 1947 654 1977 cum
676 1931 735 1977 sit
764 1929 944 1993 aliquid
972 1927 1190 1975 mirabile
1217 1928 1456 1977 indicatur
1477 1946 1674 1994 quoque
1703 1930 1899 1994 aliquid*
1917 1930 2144 1978 futurum.
2184 1931 2407 1996 Prodigia

271 2026 384 2057 vero
411 2011 461 2056 in
498 2010 674 2074 quibus
710 2007 1047 2056 tantummodo
1085 2007 1300 2055 mirabile
1338 2009 1520 2074 aliquid
1557 2009 1839 2058 ostenditur.
1883 2011 2133 2076 Scriptura*
2162 2012 2406 2059 interdum

272 2090 466 2136 abusive
498 2099 544 2136 et
574 2089 795 2154 prodigia
828 2104 918 2152 pro
952 2087 1114 2150 signis,
1143 2097 1190 2134 et
1212 2089 1347 2151 signa
1369 2105 1460 2153 pro
1489 2089 1719 2154 prodigiis
1742 2090 1895 2154 ponit.
1932 2091 2074 2154 Signa
2105 2100 2156 2138 et
2188 2091 2407 2156 prodigia

269 2185 358 2231 pro
378 2185 478 2216 uno
502 2169 798 2233 accipiuntur
814 2167 909 2214 hoc
927 2166 1054 2213 loco.
1084 2185 1108 2210 »
1139 2186 1160 2211 α
1180 2170 1247 2214 lta
1270 2177 1339 2215 ut.
1361 2189 1384 2212 ι)
1409 2168 1641 2229 Gloriam,
1665 2169 1880 2233 inquam,
1902 2169 2061 2217 habeo
2084 2170 2215 2235 apud
2230 2173 2403 2231 Deum,

270 2258 460 2295 tantum
490 2249 667 2296 scilicet
702 2248 763 2296 de
796 2247 964 2295 labore
995 2264 1123 2303 meo,
1150 2256 1204 2293 ut
1237 2257 1387 2295 totam
1415 2248 1547 2296 illam
1567 2258 1742 2297 terram
1771 2249 1835 2297 ab
1859 2250 2119 2299 Jerusalem
2155 2267 2309 2315 usque
2345 2251 2406 2298 ad

273 2328 512 2390 Illyricum
547 2328 831 2392 repleverim
867 2326 1204 2391 praedicatione
1224 2328 1491 2391 Evangelii,
1527 2340 1581 2377 ut
1616 2328 1837 2377 videlicet
1872 2328 2093 2378 ostendat
2127 2329 2324 2394 dignum
2360 2346 2408 2376 se

271 2424 298 2453 a
317 2409 541 2455 Romanis
564 2408 794 2467 exaudiri,
810 2407 1016 2470 quiatot
1038 2416 1085 2453 et
1106 2408 1247 2453 tantis
1262 2407 1321 2454 sit
1342 2408 1606 2455 exauditus.
1630 2411 1841 2472 Haymo:
1864 2430 1887 2453 «
1904 2409 2145 2473 Illyricum
2156 2411 2407 2458 Provincia

269 2496 339 2534 est
371 2486 480 2534 finis
508 2487 623 2534 Asiae
652 2487 711 2534 ad
734 2486 1023 2551 principium
1048 2487 1267 2549 Europae.
1291 2505 1313 2528 »
1353 2506 1377 2531 «
1398 2487 1476 2534 Sic
1501 2497 1680 2534 autem.
1699 2506 1723 2532 >³
1751 2488 1939 2536 Scilicet
1960 2489 2110 2536 verbo
2135 2499 2181 2535 et
2204 2489 2341 2538 factis
2361 2498 2406 2535 et

267 2568 442 2614 virtute
471 2567 715 2631 signorum
743 2567 793 2612 in
817 2566 890 2612 his
913 2565 1051 2626 locis,
1086 2564 1324 2631 ubi-prius
1347 2565 1408 2613 de
1436 2566 1624 2614 Christo
1647 2566 1715 2615 nil
1741 2567 1943 2614 omnino
1974 2567 2192 2615 auditum
2221 2568 2374 2614 fuerat
2391 2603 2403 2626 ,

272 2657 321 2692 ut
356 2646 576 2693 videlicet
610 2662 710 2692 non
745 2647 803 2692 sit
836 2644 1056 2692 mirabile
1088 2644 1126 2690 si
1159 2643 1290 2709 apud
1324 2661 1411 2691 vos
1439 2645 1541 2708 jam
1575 2645 1819 2696 Christum
1855 2646 2098 2694 confessos
2132 2646 2406 2711 praedicatio

268 2742 374 2772 mea
394 2726 555 2773 locum
579 2725 771 2773 habeat.
808 2745 831 2768 <c
855 2728 923 2771 Ne
937 2740 1137 2788 super.»
1166 2727 1231 2770 Ac
1252 2724 1292 2770 si
1307 2724 1511 2772 diceret:
1530 2728 1634 2773 Hoc
1657 2725 1835 2773 scilicet
1855 2726 1975 2773 mihi
1996 2727 2328 2790 contingente,
2355 2736 2407 2773 ut

270 2821 368 2850 non
405 2805 654 2853 aedificium
691 2804 806 2852 fidei
843 2804 1130 2851 collocarem
1169 2820 1313 2868 super
1351 2804 1558 2851 aliorum
1589 2804 1980 2869 praedicationem
2016 2806 2368 2871 praecedentem
2389 2842 2402 2865 ,

271 2899 372 2943 quae
412 2886 545 2946 quasi
585 2902 702 2932 meae
739 2884 1091 2948 praedicationis
1124 2883 1492 2932 fundamentum
1524 2896 1665 2933 esset.
1698 2889 1751 2933 In
1790 2902 1889 2950 quo
1927 2885 2166 2934 difficilius
2199 2885 2407 2934 ostendit

273 2964 405 3024 quod
428 2963 493 3009 ibi
517 2964 642 3024 fecit,
669 2981 817 3028 quam
835 2964 968 3028 quod
992 2964 1123 3028 apud
1146 2966 1387 3011 Romanos
1410 2965 1565 3013 facere
1576 2966 1726 3030 cupit.
1751 2985 1774 3010 ι(
1794 2966 2033 3031 Scriptum
2052 2975 2140 3026 est,
2155 2986 2179 3010 >2
2195 2967 2244 3012 in
2268 2965 2402 3023 Isaia,

317 3182 396 3230 'Sic
409 3197 612 3229 Amboesius.
636 3197 845 3230 Gementibus
858 3206 919 3237 pro
931 3197 1112 3238 gemitibus
1128 3199 1299 3237 legendum
1384 3202 1471 3241 Deo,
1500 3206 1690 3242 textumque
1720 3203 1766 3234 ita
1800 3203 1926 3234 restitui
1955 3210 2078 3242 posse:
2102 3202 2145 3234 Et
2166 3201 2318 3242 postulat
2343 3209 2407 3241 pro

272 3260 342 3283 esse
368 3251 507 3283 videtur.
535 3251 733 3292 Conjicimus
750 3259 881 3291 quoque
905 3251 995 3290 quod
1025 3252 1173 3291 sequitur
1189 3252 1227 3282 id
1251 3256 1299 3284 est
1382 3254 1601 3293 gementibus.
1619 3267 1636 3282 «
1649 3254 1728 3287 Fiat
1742 3258 1879 3297 accepta
1894 3256 1980 3295 Deo,
1997 3267 2012 3284 ι
2030 3254 2068 3287 id
2087 3258 2134 3287 est
2149 3257 2302 3288 sanctum
2329 3262 2403 3286 con·

272 3308 423 3338 sanctum
446 3308 666 3345 consequatur
687 3304 835 3344 effectum
865 3305 980 3337 referri
1007 3305 1049 3337 ad
1070 3303 1133 3344 fiat
1162 3309 1298 3346 accepta
1381 3311 1543 3347 sequatur
1559 3308 1727 3348 effectum,
1745 3313 1807 3341 etc.
