2638 3866
930 254 1275 303 THEOLOGlA
1312 255 1659 303 CHRISTIANA
1670 292 1680 302 .
2287 255 2380 302 545

231 356 374 404 donis
405 371 500 402 suae
533 353 718 418 gratiae¹
743 362 975 418 vegetata,
1013 371 1132 420 quas
1170 372 1333 403 rursus
1361 355 1618 404 animalem
1640 355 1789 404 vitam
1816 354 1958 403 nobis
1980 364 2163 403 certum
2193 364 2263 403 est
2294 355 2383 402 im-

236 437 428 503 pertire.
468 439 656 482 Patrem
683 451 843 494 suum,
870 433 921 482 id
946 445 1018 483 est
1049 439 1229 501 Noym,
1263 436 1379 485 dicit
1411 436 1623 485 animam
1657 436 1795 484 indui
1827 437 1875 484 in
1906 453 1963 485 ea
1996 453 2083 485 sua
2103 437 2151 484 vi
2186 453 2282 502 qua
2311 436 2384 483 in·

237 528 416 575 tuetur,
449 517 545 565 hoc
567 525 639 565 est
668 516 854 566 ratione
878 516 1030 564 utitur
1058 535 1069 565 ε
1096 518 1206 582 quia
1235 535 1292 566 ex
1322 518 1508 566 ratione
1529 535 1678 583 quam
1699 518 1848 566 habet
1877 518 2135 567 maximam
2166 517 2384 566 similitu-

237 599 402 647 dinem
425 615 538 646 cum
565 597 730 646 divina
750 596 983 663 sapientia
1005 606 1150 659 tenet,
1178 615 1291 646 cum
1312 599 1437 648 ratio
1458 600 1667 647 maxime
1689 599 1750 646 sit
1773 599 2092 647 adscribenda
2113 599 2381 665 Sapientiae.

239 679 473 728 Paulatim
507 679 670 727 anima
698 678 748 725 in
773 694 979 744 corpora
1008 678 1217 743 respicit,
1253 681 1365 744 quia
1397 679 1460 727 ad
1481 680 1895 746 comparationem
1924 680 2237 746 plenitudinis
2260 679 2387 727 illius

237 762 413 809 summi
451 760 587 817 Boni,
627 759 876 807 modicum
911 768 982 807 est
1017 759 1257 823 quidquid
1291 760 1544 820 habemus,
1585 771 1975 826 quantacumque
2006 761 2138 810 dona
2158 762 2387 808 virtutum

237 840 299 889 ab
332 842 437 907 ipso
466 841 833 907 susceperimus.
866 842 1128 888 Possumus
1160 841 1303 888 etiam
1335 842 1385 888 in
1415 859 1474 889 eo
1499 841 1729 908 paulatim
1754 841 1939 890 dictum
1970 858 2071 890 esse
2104 841 2381 904 intelligere,

236 922 371 987 quod
394 922 684 988 quibusdam
713 920 941 985 gradibus
969 939 1056 988 per
1078 922 1327 970 intervalla
1350 932 1627 989 temporum
1659 939 1687 972 a
1710 923 1924 971 minimis
1952 923 2014 971 ad
2040 923 2249 970 maxima
2279 923 2388 987 Spi-

236 998 356 1046 ritus
379 1015 492 1046 suos
515 997 679 1046 fideles
709 1008 1022 1064 promoveat,
1062 1014 1154 1046 nec
1184 1014 1271 1046 sua
1292 998 1434 1046 simul
1457 998 1675 1048 conferat
1704 998 1851 1046 dona.
1890 1001 2190 1063 Degenerare
2215 997 2389 1044 dicitur

236 1079 399 1128 anima
423 1079 471 1127 in
496 1079 603 1145 ipso
636 1095 731 1126 suae
753 1079 1052 1145 operationis
1076 1078 1268 1140 effectu,
1293 1096 1351 1127 ex
1374 1096 1473 1144 quo
1496 1080 1660 1127 anima
1681 1079 1809 1127 dicta
1828 1088 1915 1141 est,
1951 1095 2064 1126 cum
2085 1096 2185 1126 non
2210 1079 2269 1125 sit
2291 1078 2388 1125 hoc

237 1169 488 1222 aeternum,
517 1159 604 1208 sed
633 1159 923 1225 temporale,
951 1158 1086 1224 quod
1109 1168 1355 1225 operatur.
1383 1163 1438 1207 In
1471 1177 1589 1225 quo,
1613 1160 1663 1207 ni
1700 1160 1854 1220 fallor,
1888 1159 2007 1208 illud
2045 1159 2181 1207 facile
2210 1169 2280 1206 est
2303 1158 2390 1207 ab·

237 1240 378 1303 solvi,
405 1240 539 1305 quod
574 1239 710 1288 Plato
740 1241 952 1289 animam
976 1240 1148 1288 mundi
1183 1240 1432 1306 incoepisse
1460 1241 1684 1303 voluerit,
1724 1259 1812 1290 nec
1838 1251 2125 1289 coaeternam
2162 1257 2264 1288 esse
2285 1243 2390 1287 Deo

237 1331 285 1368 et
310 1322 478 1369 menti.
517 1324 640 1370 Cum
675 1322 805 1370 enim
840 1322 1073 1387 Spiritum
1102 1332 1324 1370 sanctum
1359 1308 1574 1371 animam
1599 1324 1750 1387 magis
1782 1339 1929 1387 quam
1961 1323 2194 1388 Spiritum
2230 1322 2391 1388 appel-

236 1401 422 1464 laverit,
452 1403 588 1468 quasi
620 1402 680 1451 ah
705 1402 988 1462 animando,
1015 1402 1113 1450 hoc
1131 1413 1202 1451 est
1225 1402 1518 1451 vivificando
1545 1420 1637 1452 nos
1659 1403 1800 1452 donis
1824 1420 1919 1452 suae
1946 1403 2105 1468 gratiae
2126 1420 2213 1469 per
2235 1404 2389 1451 incre·

237 1493 400 1532 menta
422 1483 680 1544 virtutum,
714 1500 815 1531 non
854 1500 1045 1549 semper
1080 1483 1283 1549 Spiritus
1316 1483 1476 1532 anima
1502 1484 1616 1546 fuit,
1651 1484 1702 1532 id
1727 1495 1798 1533 est
1833 1484 2103 1543 vivificans3
2138 1485 2252 1549 quia
2283 1483 2390 1531 duae

238 1564 458 1614 nondum
480 1574 710 1613 creaturae
730 1575 905 1624 essent,
932 1564 1110 1630 quibus
1130 1564 1261 1613 dona
1280 1581 1367 1614 sua
1389 1564 1712 1626 distribueret,
1738 1566 1788 1613 in
1806 1565 1910 1613 illas
1928 1565 2175 1613 donorum
2193 1581 2392 1612 suorum

239 1644 630 1693 distributionem
665 1662 766 1693 non
792 1644 1061 1695 exercebat.
1089 1646 1222 1693 Sicut
1243 1662 1358 1710 ergo
1390 1646 1621 1711 Spiritum
1647 1648 1878 1694 Sanctum
1901 1646 1986 1711 qui
2021 1646 2071 1692 in
2104 1662 2154 1692 se
2189 1655 2260 1693 est
2284 1662 2392 1692 om-

238 1726 357 1772 nino
384 1726 604 1792 simplex,
632 1726 948 1792 multiplicem
971 1736 1133 1774 tamen
1155 1725 1377 1784 dicimus,
1404 1736 1454 1772 et
1475 1729 1558 1775 VII
1583 1727 1787 1792 Spiritus
1806 1725 2104 1792 appellamus
2123 1725 2393 1773 secundum

239 1805 561 1857 diversitatem
596 1807 843 1856 donorum
872 1826 882 1854 :
913 1807 979 1855 ita
1010 1807 1155 1855 etiam
1177 1805 1503 1873 Philosophus
1529 1807 1756 1856 eumdem
1787 1808 1940 1873 quiin
1968 1807 2173 1855 essentia
2197 1808 2394 1873 propria

238 1887 550 1936 essentialiter
577 1887 816 1950 subsistit,
843 1888 1098 1953 incoepisse
1129 1897 1366 1952 quantum
1388 1887 1452 1936 ad
1477 1888 1645 1936 effecta
1671 1905 1755 1936 sua
1777 1888 1958 1948 voluit,
1985 1905 2040 1935 ex
2074 1887 2252 1951 quibus
2281 1905 2392 1938 eum

238 1968 451 2016 animam
488 1969 640 2034 magis
663 1985 811 2034 quam
834 1969 1064 2034 Spiritum
1087 1968 1416 2034 appellaverit.
1453 1970 1658 2034 Spiritus
1682 1970 1863 2035 quippe
1886 1985 2065 2016 nomen
2091 1978 2161 2016 est
2187 1979 2389 2030 naturae,

241 2048 404 2100 anima
442 2066 558 2098 vero
598 2049 764 2108 officii,
803 2049 866 2098 ab
892 2049 1157 2098 animando
1194 2049 1391 2098 scilicet.
1442 2051 1574 2098 Sicut
1610 2067 1725 2115 ergo
1762 2051 1894 2115 ipsos
1928 2047 2143 2096 coelestes
2190 2049 2393 2114 Spiritus

240 2145 430 2194 semper
468 2130 667 2195 quidem
703 2131 932 2195 Spiritus,
970 2130 1054 2180 sed
1090 2147 1192 2177 non
1225 2146 1416 2195 semper
1449 2131 1645 2194 angelos
1680 2147 1783 2178 esse
1817 2129 2127 2195 profitemur,
2166 2145 2225 2176 eo
2258 2130 2391 2194 quod

241 2210 446 2274 Angelus
469 2228 649 2259 nomen
675 2213 736 2259 sit
758 2211 930 2272 officii,
955 2227 1058 2259 non
1080 2220 1264 2258 naturae
1287 2229 1297 2258 :
1324 2221 1371 2258 et
1395 2212 1661 2258 Dominum
1684 2214 1836 2259 JESUM
1864 2212 2108 2258 CHRISTUM
2124 2210 2391 2258 secundum

241 2290 592 2340 humanitatem
625 2292 908 2358 incoepisse,
949 2290 1219 2339 secundum
1257 2308 1373 2339 vero
1411 2291 1712 2340 divinitatem
1745 2301 1981 2339 aeternum
2016 2307 2118 2339 esse
2155 2290 2394 2356 praedica-

242 2388 349 2419 mus
377 2390 388 2418 :
419 2373 483 2419 ita
507 2381 557 2419 et
577 2372 810 2436 Spiritum
833 2374 1084 2431 Sanctum,
1109 2372 1379 2420 secundum
1393 2371 1752 2421 subsistentiam
1767 2372 1981 2420 essentiae
1995 2388 2108 2434 suae,
2139 2380 2389 2432 aeternum,

241 2452 511 2500 secundum
535 2452 703 2501 effecta
724 2470 860 2514 vero,
887 2453 1143 2518 incoepisse
1165 2452 1401 2515 dicamus,
1430 2453 1565 2517 quod
1585 2460 1656 2502 est
1677 2453 1838 2502 dicere
1868 2452 2036 2501 effecta
2059 2453 2220 2518 potius
2242 2468 2393 2516 quam

241 2533 400 2597 ipsum
437 2534 720 2599 incoepisse3
763 2544 811 2582 et
844 2533 978 2581 hunc
1011 2534 1211 2599 quidem
1253 2533 1534 2599 Philosophi
1568 2550 1763 2583 sensum
1798 2550 1901 2581 esse
1939 2532 2151 2581 arbitror
2185 2532 2275 2579 sub
2311 2532 2393 2579 illo

242 2614 412 2661 animae
449 2623 584 2679 typo,
612 2631 711 2678 quo
734 2631 840 2662 eam
864 2624 1074 2666 creatam
1102 2632 1204 2663 esse
1219 2653 1231 2676 ,
1259 2615 1310 2662 id
1332 2625 1404 2662 est
1425 2615 1679 2678 incoepisse
1702 2613 1941 2680 perhibet,
1974 2623 2021 2661 et
2045 2614 2180 2678 quasi
2203 2622 2394 2678 tempo-

243 2694 392 2741 ralem
415 2712 518 2742 esse
540 2712 641 2746 non
668 2706 919 2756 aeternam3
945 2696 1080 2760 juxta
1103 2712 1250 2760 quem
1272 2705 1319 2742 et
1343 2695 1616 2744 Macrobius
1638 2696 1810 2743 animae
1832 2694 1921 2759 ipsi
1946 2703 2045 2741 tam
2067 2697 2224 2741 Deum
2248 2710 2392 2758 quam

243 2776 400 2839 Noym
424 2776 645 2840 praeferre
666 2793 767 2824 non
789 2776 1035 2826 abhorret.
1071 2779 1226 2824 Vocet
1253 2776 1414 2840 itaque
1450 2777 1680 2842 Spiritum
1715 2777 1946 2823 Sanctum
1984 2774 2117 2822 Plato
2156 2775 2389 2834 animam,

244 2855 512 2903 secundum
534 2856 758 2903 effectum
777 2873 1009 2922 operum3
1039 2874 1130 2904 nos
1163 2873 1279 2903 vero
1309 2856 1526 2903 dicamus
1555 2856 1806 2922 Spiritum,
1837 2855 2105 2904 secundum
2128 2856 2395 2904 naturalem

243 2953 339 2983 suae
360 2935 588 2984 bonitatis
618 2936 863 2996 effectum,
895 2953 1042 3002 quem
1069 2937 1137 2984 ita
1158 2936 1221 2984 ab
1250 2946 1428 2986 aeterno
1457 2935 1645 2997 habuit,
1667 2946 1722 2983 ut
1743 2945 1860 2984 tunc
1885 2953 2035 3002 opere
2058 2953 2171 2984 eum
2201 2936 2398 3002 impleat

243 3016 444 3081 quando
462 3016 769 3082 implendum
789 3033 891 3065 esse
908 3017 1141 3082 praevidit.
1163 3017 1301 3064 Dicat
1320 3016 1400 3065 ille
1418 3017 1630 3065 animam
1649 3017 1902 3083 incoepisse
1921 3017 2188 3065 secundum
2206 3017 2392 3078 effecta,

244 3114 335 3146 nos
366 3114 481 3145 vero
515 3097 746 3163 Spiritum
781 3098 830 3144 in
867 3097 1042 3147 effectu
1076 3114 1171 3145 suae
1205 3097 1432 3146 bonitatis
1463 3097 1750 3146 aeternaliter
1783 3114 2106 3164 perseverare.
2146 3098 2285 3146 Dicat
2319 3097 2397 3145 ille

247 3179 459 3226 animam
493 3179 765 3244 incoepisse,
794 3195 885 3226 nos
917 3179 1148 3245 Spiritum
1178 3179 1380 3227 omnino
1405 3189 1639 3227 aeternum
1663 3196 1783 3227 esse.
1819 3179 1887 3227 Sit
1916 3181 2159 3245 processio
2195 3178 2397 3244 Spiritus

296 3366 302 3384 ¹
319 3364 377 3397 Hic
396 3366 428 3397 in
444 3364 514 3399 MS.
531 3368 672 3407 spatium
686 3368 851 3408 quoddam
872 3375 1009 3399 vacuum
1027 3367 1174 3400 relictum
1192 3372 1252 3399 est.

408 3440 440 3463 11
2184 3425 2233 3461 69
