2638 3866
254 257 350 305 680
1043 256 1214 304 PETRI
1248 256 1561 304 ABAELARDI

254 358 440 406 bonum
465 357 664 417 censeri,
693 357 771 404 cui
794 357 945 404 virtus
965 357 1124 422 aliqua
1148 357 1287 417 desit,
1313 374 1368 404 ac
1394 373 1481 423 per
1500 356 1596 404 hoc
1618 357 1837 405 omnium
1863 355 2105 404 bonorum
2131 357 2384 404 hominum

253 454 343 484 nec
376 437 424 483 in
461 437 640 482 meritis
672 436 777 482 vitae
809 453 899 483 nec
935 437 983 483 in
1018 435 1329 484 beatitudinis
1363 438 1751 485 remuneratione
1783 437 1929 485 ullam
1959 453 2060 484 esse
2092 436 2380 486 distantiam.

254 516 397 573 Quod
426 516 465 562 si
498 516 618 563 forte
648 516 713 563 ita
735 516 812 573 sit,
846 515 1014 564 eadem
1043 516 1269 564 omnibus
1291 517 1540 565 beatitudo
1565 517 1857 579 retribuitur,
1888 527 1935 563 et
1955 532 2124 563 omnes
2146 516 2387 580 aequaliter

254 611 494 641 summum
531 595 718 643 bonum
743 595 901 661 adepti
936 597 1113 661 pariter
1137 597 1260 643 fiunt
1288 595 1433 645 beati.
1462 600 1617 655 Quam
1648 607 1868 663 patenter
1900 596 2186 643 sententiam
2209 595 2388 643 Tullius

253 676 301 720 in
327 674 542 722 secundo
561 675 619 722 de
643 677 837 741 Officills·
864 676 988 723 libro
1010 676 1086 723 his
1106 675 1270 723 verbis.
1287 675 1560 742 profitetur¹
1583 695 1593 723 ε
1622 676 1844 724 «Justitia
1870 693 1981 723 cum
2007 675 2108 722 sine
2132 674 2388 740 prudentia

254 755 366 801 satis
385 755 560 802 habeat
580 756 888 817 auctoritatis,
913 756 1166 822 prudentia
1191 757 1293 804 sine
1313 757 1495 820 justitia
1518 757 1638 803 nihil
1658 757 1813 804 valeat
1841 756 1902 804 ad
1928 755 2074 802 fidem
2101 754 2384 803 faciendam.

256 838 364 891 Quo
413 836 542 883 enim
593 835 699 899 quis
739 837 976 883 versutior
1016 847 1063 883 et
1109 836 1343 898 callidior,
1389 836 1485 884 hoc
1522 837 1719 884 invisior
1764 847 1812 883 et
1855 837 2134 900 suspectior,
2179 834 2390 883 detracta

256 916 485 978 opinione
529 915 801 981 probitatis.
852 919 1009 974 Quam
1058 916 1123 963 ob
1166 933 1268 963 rem
1312 916 1632 980 intelligentiae
1673 916 1854 980 justitia
1897 915 2185 979 conjuncta,
2236 930 2408 978 quan<

255 1005 358 1042 tum
388 996 541 1056 volet,
569 996 766 1044 habebit
793 996 854 1044 ad
887 997 1150 1044 faciendam
1179 997 1325 1044 fidem
1352 998 1544 1044 virium.
1574 996 1757 1044 Justitia
1783 996 1883 1043 sine
1910 995 2164 1061 prudentia
2185 995 2390 1041 multum

256 1076 454 1139 poterit;
500 1077 604 1123 sine
638 1077 819 1139 justitia
855 1077 972 1124 nihil
1005 1077 1182 1124 valebit
1213 1077 1485 1142 prudentia.
1522 1076 1616 1123 Sed
1649 1093 1710 1124 ne
1750 1077 1855 1139 quis
1888 1076 1947 1122 sit
1978 1075 2256 1134 admiratus,
2283 1090 2388 1135 cur,

257 1172 407 1218 quum
443 1157 566 1202 inter
600 1173 768 1203 omnes
804 1157 1122 1221 philosophos
1157 1166 1369 1218 constet,
1409 1173 1437 1203 a
1473 1172 1646 1220 meque
1681 1157 1784 1222 ipso
1818 1156 2112 1221 disputatum
2148 1170 2271 1220 saepe
2305 1155 2388 1213 sit,

257 1236 339 1298 qui
375 1253 521 1283 unam
556 1235 780 1297 haberet,
820 1253 988 1283 omnes
1022 1236 1200 1284 habere
1234 1237 1460 1297 virtutes,
1496 1252 1630 1283 nunc
1662 1236 1729 1284 ita
1761 1236 2030 1300 sejungam,
2072 1234 2208 1299 quasi
2244 1234 2396 1298 possit

258 1316 529 1379 quisquam,
557 1317 640 1379 qui
663 1332 763 1362 non
788 1315 916 1363 idem
939 1317 1151 1382 prudens
1173 1317 1248 1374 sit,
1272 1317 1428 1380 justus
1457 1333 1557 1364 esse
1584 1335 1595 1363 ε
1629 1315 1718 1363 alia
1743 1326 1814 1363 est
1834 1316 1936 1378 illa,
1963 1332 2074 1362 cum
2099 1314 2271 1362 veritas
2294 1313 2395 1378 ipsa

257 1396 450 1443 limatur
472 1397 519 1443 in
544 1395 886 1461 disputatione,
919 1397 1172 1457 subtilitas,
1209 1398 1319 1456 alia,
1349 1413 1461 1444 cum
1491 1397 1553 1444 ad
1579 1397 1861 1462 opinionem
1893 1411 2205 1444 communem
2240 1393 2397 1441 omnis

259 1476 653 1524 accommodatur
679 1478 850 1524 oratio.
887 1480 1045 1535 Quam
1080 1477 1145 1524 ob
1176 1494 1298 1535 rem,
1325 1487 1378 1524 ut
1406 1477 1603 1541 vulgus,
1637 1478 1701 1524 ita
1736 1492 1828 1523 nos
1862 1476 2097 1523 hocloco
2132 1473 2394 1538 loquimur,

262 1567 311 1603 ut
345 1557 462 1603 alios
491 1556 662 1613 fortes,
699 1557 818 1604 alios
851 1557 978 1604 viros
1007 1557 1192 1616 bonos,
1231 1558 1351 1605 alios
1381 1557 1646 1623 prudentes
1677 1573 1780 1604 esse
1810 1556 2043 1604 dicamus.
2084 1552 2400 1619 Popularibus

261 1638 389 1683 enim
423 1636 580 1683 verbis
610 1646 681 1683 est
711 1637 953 1700 agendum
988 1648 1035 1684 et
1063 1639 1244 1684 usitatis
1270 1655 1422 1702 quum
1457 1638 1705 1703 loquimur
1739 1636 1800 1684 de
1829 1637 2059 1703 opinione
2089 1633 2353 1700 populari¹.
2374 1652 2396 1676 »

260 1718 353 1775 Qui
382 1718 528 1764 etiam
560 1717 611 1763 in
641 1716 914 1763 Paradoxis
940 1734 1038 1764 non
1070 1718 1225 1765 solum
1258 1720 1306 1765 in
1341 1719 1595 1766 virtutibus
1627 1718 1804 1779 bonOS,
1835 1734 2002 1764 verum
2027 1717 2172 1764 etiam
2205 1714 2253 1760 in
2290 1729 2400 1778 pec-

261 1799 377 1845 catis
411 1798 475 1844 ita
504 1806 660 1861 aequat
687 1797 858 1858 malOS,
889 1808 941 1844 ut
969 1799 1132 1845 omnia
1160 1809 1354 1863 peccata
1377 1800 1510 1864 paria
1546 1815 1648 1846 esse
1684 1808 1878 1845 astruat.

329 1881 605 1924 CHms'rlAN.
629 1880 764 1924 Nunc
788 1878 948 1943 primo
973 1888 1019 1925 te
1043 1879 1375 1943 importunum
1397 1889 1444 1926 et
1462 1879 1690 1925 corrixari
1707 1879 1855 1942 magis
1870 1914 1883 1936 ,
1901 1894 2047 1942 quam
2068 1873 2400 1941 philosophari

262 1959 421 2006 video.
450 1958 640 2023 Quippe
663 1974 724 2005 ne
756 1957 818 2004 ad
848 1959 1198 2005 confessionem
1232 1959 1490 2007 manifestae
1523 1959 1733 2006 veritatis
1761 1958 1869 2023 cogi
1889 1957 2108 2015 videaris,
2143 1953 2206 2002 ad
2237 1963 2404 2018 paten-

264 2039 452 2085 tissimae
467 2037 678 2085 falsitatis
694 2037 927 2085 insaniam
948 2047 994 2085 te
1017 2039 1274 2099 convertis,
1297 2049 1350 2085 ut
1370 2055 1539 2086 omnes
1554 2037 1775 2085 videlicet
1795 2038 1954 2085 bonos
1967 2034 2212 2101 aequaliter
2223 2032 2400 2092 bonos,

265 2134 433 2166 omnes
461 2133 570 2164 reos
600 2127 647 2164 et
678 2117 921 2181 aequaliter
958 2135 1093 2178 reos,
1131 2135 1303 2166 omnes
1331 2120 1508 2184 pariter
1534 2118 1703 2166 eadem
1742 2118 1893 2182 gloria
1921 2116 1998 2163 vel
2029 2129 2173 2181 poena
2213 2127 2407 2159 censeas

270 2199 460 2262 dignos.
697 2194 699 2197 ”

332 2283 520 2326 Pfflms.
564 2279 810 2343 Siquidem
851 2280 898 2326 in
935 2296 986 2327 re
1017 2297 1118 2327 non
1155 2280 1205 2326 in
1245 2279 1499 2327 hominum
1535 2281 1766 2345 opinione
1804 2279 2042 2339 consistit,
2081 2279 2164 2342 qui
2204 2292 2407 2344 operum

267 2359 492 2406 effectum
527 2360 676 2422 magis
710 2375 856 2422 quam
888 2376 1080 2406 morum
1113 2359 1390 2424 qualitatem
1420 2359 1686 2424 dijudicant
1718 2370 1863 2424 atque
1893 2367 2308 2415 remunerant‚.et
2337 2373 2409 2404 se-

267 2439 484 2486 cundum
513 2454 568 2486 ea
610 2455 715 2502 'quae
751 2440 849 2503 geri
887 2441 1092 2487 exterius
1124 2439 1366 2500 videntur,
1401 2440 1520 2487 alios
1549 2440 1773 2503 justiores
1803 2440 1880 2486 vel
1912 2439 2133 2486 fortiores
2171 2440 2269 2485 sive
2305 2454 2406 2484 rne-

267 2519 408 2566 liores
429 2519 505 2566 vel
538 2519 800 2566 deteriores
823 2520 924 2567 aliis
947 2519 1184 2584 judicant.
1213 2523 1248 2566 A
1275 2535 1372 2583 qua
1396 2520 1614 2584 profecto
1640 2520 1873 2567 sententia
1910 2535 1998 2566 nec
2021 2535 2106 2565 vos
2140 2518 2282 2582 longe
2308 2533 2409 2564 esse

270 2600 493 2661 arbitror,
520 2600 558 2646 si
580 2609 785 2647 vestram
812 2600 1063 2663 diligenter
1093 2599 1414 2647 consideretis
1437 2599 1756 2666 disciplinam.
1783 2602 1963 2646 Omnes
1991 2599 2173 2664 quippe
2192 2599 2406 2657 virtutes,

271 2690 323 2726 ut
348 2681 421 2726 vir
451 2680 529 2727 ille
556 2681 792 2727 maximus
821 2681 988 2728 astruit
1015 2679 1336 2745 philosophus
1363 2680 1682 2744 Augustinus,
1731 2697 1829 2727 uno
1861 2679 2060 2726 nomine
2083 2678 2254 2726 caritas
2277 2693 2411 2724 com-

273 2759 549 2823 prehendit,
576 2777 682 2824 quae
712 2759 836 2820 sola,
871 2770 922 2807 ut
953 2761 1157 2825 ipsemet
1187 2760 1275 2820 ait,
1311 2761 1435 2807 inter
1460 2759 1590 2808 filios
1604 2761 1693 2808 Dei
1722 2771 1767 2808 et
1798 2759 1921 2807 filios
1952 2758 2133 2806 diaboli
2164 2757 2408 2805 discernit.

277 2839 414 2886 Unde
449 2850 496 2886 et
525 2841 696 2887 merito
728 2840 943 2903 quodam
974 2840 1084 2887 loco
1111 2839 1330 2887 meminit
1355 2858 1367 2886 :
1395 2860 1418 2884 α
1439 2840 1531 2887 Ubi
1563 2850 1634 2888 est
1654 2841 1825 2888 caritas
1847 2839 2068 2905 quidem,
2094 2837 2229 2903 quod
2265 2838 2413 2902 possit

277 2917 474 2965 deesse?
511 2919 764 2967 Plenitudo
798 2921 979 2985 quippe
1009 2920 1126 2983 legis
1158 2929 1234 2966 est
1261 2920 1473 2968 dilectio.
1494 2938 1517 2963 »·
1553 2924 1710 2979 Quam
1752 2921 1854 2985 ipse
1894 2920 1976 2984 qui
2010 2919 2105 2965 hoc
2140 2917 2255 2965 dicit
2295 2932 2411 2981 apou

276 2997 460 3058 stolus³,
487 2998 838 3063 plenitudinem
868 3016 1166 3065 prosequens
1199 3009 1247 3046 et
1283 3010 1382 3046 tam
1411 2983 1536 3048 inala
1570 3000 1684 3047 inde
1718 3016 1973 3047 removens
2010 3015 2155 3064 quam
2187 2996 2255 3044 ibi
2284 2995 2414 3043 bona

276 3079 709 3142 comprehendens,
737 3081 825 3126 ait⁴
853 3101 875 3122 «
894 3080 1074 3127 Caritas
1107 3081 1290 3144 patiens
1320 3091 1412 3141 est,
1444 3081 1654 3144 benigna
1682 3091 1769 3140 est,
1807 3081 1978 3128 caritas
2016 3094 2116 3125 non
2145 3075 2409 3133 aemulatur,

321 3233 330 3250 ¹
345 3231 392 3264 De
410 3229 526 3273 offic„
544 3231 602 3263 lib.
615 3230 663 3271 11,
681 3241 752 3272 cap.
767 3241 802 3265 x.
819 3234 882 3256 —2
895 3232 1016 3265 Locum
1032 3234 1119 3266 hunc
1135 3233 1315 3267 Ciceronia-
1386 3234 1573 3268 Rheinwald
1582 3260 1592 3277 ‚
1607 3244 1743 3277 quaeque
1757 3239 1850 3267 erant
1863 3233 2044 3274 supplenda
2060 3231 2239 3273 subjunxit.
2249 3247 2287 3253 —
2301 3229 2411 3262 mom.

277 3294 354 3316 num
376 3286 409 3316 in
429 3284 547 3317 Codice
563 3284 622 3317 Ms.
640 3286 814 3319 admodum
833 3292 1022 3327 corruptum
1040 3292 1137 3327 atque
1163 3297 1312 3320 mancum
1386 3298 1457 3329 cap.
1479 3298 1556 3330 xm,
1574 3298 1606 3321 v.
1629 3291 1678 3322 10.
1695 3306 1734 3312 ——
1747 3289 1757 3307 ⁴
1776 3287 1928 3321 Corinth.
1948 3287 1973 3325 1,
1989 3294 2060 3326 cap.
2078 3292 2149 3325 xm,
2166 3284 2241 3317 v.4.

277 3347 317 3369 ex
355 3338 498 3370 editione
516 3336 739 3371 Tullianorum
774 3348 909 3379 operum
941 3338 1102 3373 Orelliana
1130 3342 1315 3374 emendavit
