2638 3866
1126 209 1219 265 ,ΑΡ
1226 208 1459 257 ΡΕΝΒΙΧ.
2277 207 2364 257 801

228 301 348 360 quod
374 301 449 346 fiat
470 314 610 348 totum
637 321 773 350 unum
802 321 857 350 ex
880 306 1138 366 quibusdam
1160 308 1310 353 tribus.
1344 330 1362 346 ν
1381 310 1488 352 Item
1515 323 1526 352 ι
1558 328 1574 346 α
1602 308 1730 351 Pater
1751 318 1795 351 et
1825 307 1934 351 filius
1955 318 1998 351 et
2018 308 2187 368 spiritus
2210 318 2379 352 sanctus

226 381 394 426 trinitas
424 394 470 426 et
506 385 670 440 unitas3
702 386 844 429 unitas
862 398 1039 447 propter
1061 389 1291 445 majestatis
1319 389 1684 441 communionem,
1708 389 1872 431 trinitas
1899 399 2076 450 propter
2096 403 2374 448 personarum

226 463 549 521 proprietatem,
584 466 745 524 pariter
778 465 957 525 simplex
993 468 1236 527 pariterque
1270 468 1620 512 incommutabile
1654 468 1817 512 bonum
1860 479 1904 511 at
1934 478 2210 511 coaeternum.
2248 468 2376 511 Pater

227 541 342 585 solus
375 559 465 586 non
494 555 560 587 est
590 545 645 588 de
674 545 775 597 alio,
808 546 907 589 ideo
929 547 1044 590 solus
1077 548 1314 608 appellatur
1337 539 1573 609 ingenitus,
1610 548 1720 591 filius
1742 548 1856 591 solus
1887 548 1942 591 de
1978 559 2098 608 patre
2133 558 2197 591 est
2233 559 2373 603 natus,

228 617 427 663 divinitas
446 637 537 664 non
549 622 803 682 triplicatur,
815 623 931 682 quia,
945 624 979 667 si
995 625 1248 684 triplicatur,
1262 625 1442 668 deorum
1467 626 1708 668 inducimus
1723 624 2028 685 pluralitatem.
2042 625 2216 668 Nomen
2234 634 2377 668 autem

229 697 413 743 deorum
441 701 488 744 in
526 702 689 763 angelis
722 714 767 746 et
797 704 952 747 sanctis
984 705 1233 748 hominibus
1266 706 1367 749 ideo
1396 706 1616 766 pluraliter
1639 706 1810 759 dicitur,
1835 705 1954 765 quod
1988 721 2075 747 non
2108 706 2191 748 sint
2222 706 2377 749 merito

230 779 429 839 aequales.
460 782 525 826 De
551 793 674 842 patre
704 794 747 827 et
774 782 863 827 filio
890 795 934 828 et
965 785 1118 846 spiritu
1148 796 1295 829 sancto
1318 797 1495 846 propter
1520 802 1653 829 unam
1680 796 1723 829 et
1753 784 1958 845 aequalem
1990 784 2258 828 divinitatem
2290 800 2378 828 non

228 873 391 903 nomen
417 860 601 908 deorum
625 863 702 906 sed
724 864 805 907 Dei
823 880 912 909 esse
935 865 1192 909 ostenditur.
1223 866 1351 910 Fides
1378 866 1492 926 apud
1516 867 1689 910 Graecos
1708 866 1794 908 hoc
1823 865 1955 908 modo
1979 876 2069 908 est:
2100 887 2118 903 ι
2134 865 2232 907 Una
2260 865 2350 907 usia
2365 897 2377 918 ‚

229 954 280 982 ac
307 940 343 983 si
371 940 487 984 dicat
507 958 595 985 una
628 954 782 986 natura
811 956 886 987 aut
911 962 998 988 una
1027 947 1233 1002 essentia,
1266 957 1351 990 tres
1383 947 1654 1007 hypostases,
1689 944 1806 1005 quod
1835 955 2007 988 resonat
2038 945 2082 987 in
2110 944 2290 988 latinum
2310 943 2378 987 vel

225 1030 311 1064 tres
343 1037 548 1081 personas
577 1023 645 1068 vel
668 1035 752 1068 tres
781 1028 998 1070 essentias.
1024 1048 1041 1066 ι»
1070 1027 1241 1071 Audisti
1273 1028 1505 1070 trinitatem
1534 1043 1668 1070 unam
1689 1042 1778 1070 esse
1801 1036 1977 1086 propter
1998 1026 2228 1082 majestatis
2250 1041 2374 1068 com-

228 1103 509 1159 munionem,
543 1120 635 1147 non
668 1117 846 1165 propter
876 1109 1108 1165 majestatis
1136 1108 1498 1168 singularitatem3
1541 1108 1660 1167 quod
1692 1108 1807 1150 enim
1841 1105 2054 1166 singulare
2091 1104 2208 1147 nullo
2247 1105 2380 1148 modo

228 1197 459 1227 commune
483 1195 561 1237 est,
587 1196 630 1229 et
651 1187 770 1245 quod
792 1203 1022 1233 commune
1046 1200 1110 1233 est
1129 1189 1341 1250 singulare
1377 1204 1465 1232 esse
1499 1205 1589 1232 non
1611 1199 1766 1249 potest.
1793 1187 1993 1244 Majestas
2014 1186 2141 1246 igitur
2162 1186 2378 1241 trinitatis,

229 1263 331 1322 quia
354 1266 598 1310 communis
620 1277 699 1322 est,
725 1268 949 1327 quomodo
971 1270 1194 1331 singularis
1216 1286 1306 1314 esse
1324 1269 1496 1330 potest?

289 1345 464 1388 Audisti
487 1347 619 1390 etiam
648 1349 748 1408 quia
778 1365 940 1394 nomen
963 1350 1042 1393 Dei
1072 1350 1173 1394 ideo
1202 1350 1257 1394 de
1285 1351 1475 1393 trinitate
1496 1349 1765 1409 singulariter
1792 1348 1948 1392 dicitur
1975 1358 2153 1407 propter
2175 1347 2381 1406 aequalem

230 1423 525 1481 divinitatem,
551 1444 629 1483 ne,
664 1430 698 1471 si
725 1430 947 1490 pluraliter
979 1430 1210 1485 diceretur,
1243 1430 1508 1489 inaequalitas
1542 1429 1775 1471 divinitatis
1801 1427 2123 1487 intelligeretur.
2160 1426 2246 1469 Sed
2276 1426 2386 1470 divi-

229 1505 340 1548 nitas
373 1507 573 1551 trinitatis
604 1520 725 1552 extra
758 1527 803 1554 se
839 1511 1048 1570 aequalem
1082 1527 1171 1554 non
1202 1511 1378 1553 invenit.
1414 1511 1465 1552 In
1490 1510 1582 1569 ipsa
1609 1510 1737 1569 igitur
1768 1508 1955 1550 trinitate
1984 1506 2183 1550 divinitas
2212 1505 2384 1566 aequalis

231 1585 501 1630 divinitatem
532 1588 697 1632 invenit
732 1591 964 1650 aequalem3
999 1591 1123 1651 plura
1153 1607 1256 1634 vero
1292 1591 1471 1650 aequalia
1503 1605 1572 1632 res
1606 1588 1771 1648 singula
1808 1599 1852 1630 et
1881 1588 2008 1630 unica
2038 1587 2261 1646 quomodo
2293 1602 2383 1630 esse

228 1668 379 1726 possit,
416 1684 507 1711 non
540 1669 686 1714 video.
711 1672 772 1714 Ut
806 1673 936 1732 igitur
969 1671 1071 1716 fidei
1106 1673 1348 1715 christianae
1382 1671 1500 1713 navis
1539 1671 1650 1712 inter
1683 1679 1910 1727 utrumque
1948 1667 2171 1727 scopulum
2210 1682 2384 1710 currens

228 1747 360 1791 illaesa
393 1760 678 1808 pertranseat,
714 1767 987 1813 summopere
1015 1752 1256 1796 cavendum
1291 1768 1346 1795 ne
1385 1751 1442 1803 ad
1480 1749 1733 1793 Sabellianae
1762 1748 2062 1808 singularitatis
2092 1746 2305 1806 lapidem,
2339 1747 2383 1788 in

228 1843 314 1887 qua
334 1840 505 1888 patrem
535 1831 806 1874 incarnatum
834 1843 879 1875 et
899 1848 1072 1892 passum
1095 1833 1219 1876 fateri
1238 1847 1409 1875 necesse
1432 1842 1511 1884 est,
1537 1829 1748 1883 offendat,
1773 1843 1912 1887 neque
1934 1828 2107 1870 Arianae
2130 1827 2384 1887 pluralitatis

229 1909 486 1968 periculum,
517 1926 597 1970 per
625 1912 743 1971 prius
772 1923 816 1955 et
844 1914 1076 1973 posterius,
1113 1928 1192 1973 per
1223 1913 1360 1969 majus
1387 1923 1431 1954 et
1459 1912 1600 1953 minus
1628 1909 1905 1952 substantiam
1926 1908 2148 1963 variando,
2179 1908 2381 1962 incurrat,

230 1999 359 2048 atque
390 1989 576 2033 deorum
607 1992 899 2051 pluralitatem
929 1994 1185 2036 enormitate
1212 1993 1428 2036 varietatis
1455 1991 1647 2033 inducat.
1682 1990 1772 2032 Soli
1801 1990 1914 2032 enim
1947 1989 2145 2031 Trinitati
2175 1987 2274 2030 ideo
2304 1987 2384 2030 Dei

228 2069 453 2129 singularis
470 2087 674 2114 numerus
696 2072 868 2115 relictus
890 2084 968 2127 est,
991 2084 1040 2116 ut
1061 2074 1106 2116 in
1129 2089 1181 2116 ea
1201 2083 1244 2115 et
1266 2073 1378 2114 intra
1401 2086 1498 2114 eam
1526 2069 1823 2113 omnimodam
1849 2068 2133 2127 aequalitatem
2156 2066 2380 2127 significet·

229 2141 491 2193 Hominibus
511 2167 615 2194 vero
644 2151 744 2195 ideo
766 2152 989 2212 pluraliter
1012 2154 1153 2203 datur,
1178 2164 1226 2195 ut
1250 2168 1337 2195 non
1359 2151 1476 2194 idem
1501 2151 1702 2194 meritum
1723 2165 1804 2193 nec
1834 2147 2024 2206 ejusdem
2050 2147 2267 2207 dignitatis
2294 2162 2383 2190 esse

230 2241 506 2286 monstretur,
523 2242 599 2275 ut:
618 2252 636 2269 «
657 2232 750 2292 Ego
774 2232 863 2276 dixi
884 2250 892 2276 :
913 2234 983 2276 Dii
1004 2235 1119 2287 estis,
1143 2255 1162 2272 ιι
1190 2244 1233 2277 et
1259 2248 1268 2276 :
1297 2253 1316 2270 «
1345 2231 1475 2286 Audi,
1500 2231 1647 2284 Israel,
1666 2230 1866 2274 dominus
1887 2229 2001 2271 Deus
2023 2238 2118 2269 tuus
2138 2228 2252 2270 Deus
2274 2243 2385 2270 unus

230 2319 309 2352 est.
326 2330 345 2348 »
363 2311 514 2370 Itaque
537 2327 636 2355 cum
654 2312 709 2355 de
723 2312 879 2357 divinae
901 2314 1148 2357 substantiae
1168 2297 1330 2356 unitate
1353 2312 1592 2371 discrepare
1605 2310 1842 2362 videamur,
1859 2320 1905 2351 tu
1926 2307 2101 2368 quidem
2113 2306 2168 2350 de
2181 2307 2385 2368 ingenioli

229 2391 294 2432 tui
324 2392 445 2434 tenui
475 2394 635 2435 conatu
665 2395 967 2454 praesumendo
999 2394 1274 2437 solitudinem
1302 2394 1342 2436 ei
1370 2392 1671 2452 singularitatis
1705 2389 1972 2443 adscribens,
1996 2403 2077 2448 ego
2107 2397 2248 2430 autem
2273 2387 2384 2430 divi-

231 2486 388 2514 narum
422 2473 728 2533 scripturarum
757 2476 977 2519 sententiis
1006 2486 1193 2518 armatus
1223 2473 1510 2517 similitudinis
1539 2483 1583 2515 et
1612 2471 1860 2531 aequalitatis
1888 2470 2096 2511 unitatem
2126 2467 2380 2522 defendens,

231 2551 278 2594 in
313 2552 400 2595 hoc
442 2563 590 2597 tamen
623 2556 853 2599 convenire
890 2572 971 2599 nos
992 2556 1215 2612 convenit,
1250 2566 1298 2598 ut
1326 2555 1466 2597 Deum
1495 2553 1568 2612 qui
1602 2567 1712 2594 unus
1753 2551 1889 2592 trinus
1921 2559 2005 2603 est,
2042 2563 2216 2606 quoquo
2247 2546 2383 2590 modo

231 2631 340 2675 illud
366 2633 696 2694 intelligendum
727 2637 800 2689 sit,
826 2638 1086 2680 unanimiter
1116 2636 1412 2696 deprecemur,
1443 2644 1651 2693 quatenus
1672 2634 1717 2674 in
1747 2631 1872 2674 nobis
1901 2629 2151 2691 ignorantiae
2183 2627 2384 2671 tenebras

231 2711 468 2766 illuminet,
499 2730 574 2757 seu
597 2714 860 2760 infidelitatis
881 2717 1094 2760 maculam
1115 2717 1245 2770 lavet,
1270 2714 1508 2773 nostrisque
1530 2713 1744 2756 mentibus
1764 2710 2052 2771 cognitionem
2088 2723 2174 2750 suae
2195 2707 2386 2750 veritatis

231 2792 455 2847 infundat,
481 2805 525 2837 et
543 2810 638 2852 nOS,
671 2797 812 2857 sopito
834 2797 1123 2840 contentionis
1158 2794 1389 2850 desiderio,
1412 2793 1598 2853 idipsum
1628 2792 1811 2835 invicem
1840 2789 1995 2833 sentire
2025 2786 2235 2831 concedat
2263 2786 2383 2830 Iesus

231 2873 421 2916 Christus
442 2875 654 2919 Dominus
678 2888 839 2921 noster.
864 2879 1021 2921 Amen.

293 2953 379 2996 Sed
403 2955 504 3013 quia
533 2955 590 2998 ad
620 2956 786 2999 fabulas
816 2969 971 3001 nostrae
994 2956 1291 3010 detractionis,
1316 2970 1420 3014 quas
1446 2955 1536 3014 ipse
1558 2951 1833 3012 impudenter
1855 2948 2034 3002 finxisti,
2059 2947 2179 3007 quasi
2201 2946 2258 2989 ad
2280 2961 2386 3006 epu·

230 3019 372 3075 larum
409 3032 582 3078 delicias
618 3047 839 3096 tamquam
865 3048 1019 3097 potens
1050 3035 1292 3096 crapulatus
1324 3051 1349 3078 a
1379 3035 1481 3077 vino
1515 3033 1674 3077 diutius
1704 3029 1919 3082 resedisti,
1951 3029 1997 3070 in
2029 3026 2190 3070 merdae
2227 3037 2385 3068 nostras

234 3110 510 3157 detractionis
530 3115 805 3160 immunditia
826 3118 950 3161 suino
978 3133 1099 3160 more
1121 3127 1332 3159 saturatus
1356 3130 1424 3169 es,
1449 3130 1527 3157 nos
1548 3127 1719 3172 quoque
1740 3125 1860 3154 versa
1883 3109 2000 3162 vice,
2030 3122 2120 3150 non
2142 3105 2232 3149 odii
2255 3105 2385 3147 dente

232 3191 479 3238 mordendo
513 3210 594 3239 nec
624 3195 798 3240 ultionis
828 3198 985 3242 baculo
1009 3196 1226 3251 feriendo,
1259 3195 1336 3239 sed
1358 3195 1578 3238 literarum
1599 3203 1770 3235 tuarum
1798 3188 2020 3233 latratibus
2050 3186 2299 3240 arridentes,
2331 3182 2386 3226 de

233 3272 333 3315 vitae
354 3284 441 3317 tuae
463 3275 658 3320 inaudita
680 3279 871 3322 novitate
892 3279 1173 3339 disputemus,
1197 3288 1242 3320 et
1262 3276 1318 3319 ad
1340 3286 1546 3335 quantam
1567 3272 1848 3334 ignominiam
1869 3268 2023 3313 merito
2044 3278 2128 3311 tuae
2150 3262 2387 3309 immundi·

398 3365 429 3391 11
2146 3344 2220 3383 101
