2638 3866
288 232 385 280 652
1094 232 1265 279 PETRI
1301 232 1618 280 ABAELARDI

292 335 512 397 «Moyses
551 342 710 379 autem
748 330 916 379 orabat
955 331 1207 379 dominum
1239 331 1403 379 dicens
1435 350 1446 378 :
1474 333 1697 390 Quieseat
1726 333 1797 381 ira
1834 344 1933 396 tua,
1962 344 2009 382 et
2032 345 2132 383 esto
2173 334 2418 401 placabilis

286 430 429 478 super
466 412 729 476 nequitiam
772 411 941 476 populi
983 412 1069 459 tui.
1113 411 1381 459 Recordare
1419 411 1690 473 Abraham,
1733 417 1863 463 Isaac
1901 424 1948 462 et
1985 415 2129 463 Israel
2168 432 2415 464 servorum

288 503 501 550 tuorum,
524 491 699 555 quibus
719 491 886 555 jurasti
912 509 999 557 per
1023 502 1166 539 temet
1186 492 1361 557 ipsum,
1381 491 1574 540 dicens:
1601 493 1929 559 Multiplicabo
1951 511 2115 542 semen
2140 504 2277 542 tuum
2297 495 2419 542 sicut

284 571 440 618 stellas
457 571 581 632 coeli,
599 581 645 618 et
659 571 927 620 universam
948 582 1124 619 terram
1147 571 1274 619 hanc
1297 572 1357 619 de
1379 588 1476 636 qua
1498 572 1685 621 locutus
1708 591 1813 621 sum
1836 574 1964 622 dabo
1988 574 2157 621 semini
2178 583 2355 635 vestro,
2372 582 2420 621 et

284 650 588 715 possidebitis
622 668 730 699 eam
764 669 970 718 semper.
1022 652 1333 717 placatusque
1379 661 1452 699 est
1487 654 1726 701 Dominus
1765 671 1826 702 ne
1860 654 2033 702 faceret
2070 653 2250 702 malum
2283 654 2420 718 quod

283 733 471 782 locutus
498 734 665 781 fuerat.
694 753 716 779 »
742 736 807 782 Ex
841 752 938 799 quo
964 735 1147 800 liquide
1178 735 1430 798 colligitur,
1465 753 1611 801 quam
1640 747 1835 802 accepta
1857 741 1959 785 Deo
1982 737 2159 785 fuerint
2179 736 2258 784 illa
2287 737 2418 802 prio-

284 829 391 860 rum
422 823 613 879 patrum
644 814 874 879 obsequia
907 816 1125 879 gratuita,
1157 815 1218 862 ad
1248 832 1352 880 quae
1385 816 1602 863 nondum
1637 832 1720 863 eos
1750 815 1911 881 aliqua
1937 817 2012 864 lex
2042 815 2415 880 constringebat,

284 894 334 940 in
364 910 459 957 qua
484 911 573 942 nos
601 894 758 942 adhuc
781 895 824 943 ei
845 895 1062 943 libertate
1094 895 1409 943 deservimus.
1440 895 1585 954 Quod
1607 896 1646 943 si
1670 896 1720 943 in
1744 895 1982 944 Abraham
2005 897 2158 961 legem
2181 896 2418 961 quodam-

286 974 433 1021 modo
472 974 603 1022 dicas
642 975 899 1040 incepisse,
949 986 1148 1041 propter
1181 976 1556 1023 circumcisionis
1599 976 1776 1023 scilicet
1812 986 2192 1036 sacramentum,
2238 975 2420 1024 nullam

283 1057 498 1121 profecto
534 1059 741 1123 reperies
776 1075 888 1106 eum
923 1075 980 1106 ex
1016 1059 1111 1106 hoc
1140 1061 1576 1107 remunerationem
1613 1059 1742 1124 apud
1766 1062 1924 1107 Deum
1954 1059 2199 1121 obtinere,
2226 1076 2290 1107 ne
2325 1075 2421 1123 qua

284 1138 344 1185 sit
370 1137 507 1185 vobis
529 1155 587 1185 ex
613 1138 716 1202 lege
739 1138 975 1202 gloriatio,
1009 1157 1099 1187 nec
1129 1141 1387 1205 quicquam
1404 1139 1754 1204 justificationis
1781 1140 2012 1206 adeptum
2035 1157 2152 1188 esse.
2179 1139 2421 1205 Scriptum

284 1219 464 1284 quippe
502 1227 596 1277 est,
633 1221 792 1284 ipsum
824 1219 1045 1266 nondum
1081 1220 1416 1267 circumcisum
1442 1237 1530 1285 per
1558 1219 1702 1267 fidem
1735 1219 1857 1267 sicut
1887 1220 2070 1285 priores
2098 1230 2257 1286 patres
2286 1219 2421 1283 justi-

284 1298 432 1357 ficari,
459 1315 571 1345 cum
589 1299 781 1346 dicitur¹
805 1319 818 1346 τ
846 1320 868 1343 «
891 1300 1105 1347 Credidit
1123 1301 1357 1347 Abraham
1383 1303 1488 1348 Deo
1511 1311 1559 1348 et
1576 1310 1850 1365 reputatum
1870 1310 1941 1348 est
1963 1301 2029 1348 illi
2049 1300 2110 1348 ad
2128 1301 2377 1365 justitiam.
2395 1320 2418 1344 υ

282 1379 426 1443 Cujus
463 1379 607 1426 etiam
643 1380 808 1444 religio
845 1390 984 1428 antea
1015 1382 1383 1446 promissionem
1416 1391 1551 1428 terrae
1586 1381 1658 1428 vel
1691 1380 2100 1446 multiplicationis
2132 1381 2299 1428 futurae
2322 1390 2420 1429 tam

282 1458 372 1506 sibi
413 1476 559 1523 quam
598 1460 770 1507 semini
806 1478 894 1508 suo
933 1471 1221 1526 susceperat.
1264 1462 1360 1519 Qui
1397 1471 1445 1509 et
1488 1471 1657 1527 postea
1695 1461 2028 1521 circumcisus,
2070 1478 2181 1508 cum
2220 1460 2355 1508 audit
2394 1477 2423 1509 a

282 1540 513 1600 Domino,
546 1540 598 1586 in
629 1557 679 1587 se
702 1541 776 1588 vel
799 1541 848 1588 in
882 1542 1063 1589 semine
1089 1559 1179 1589 suo
1204 1551 1367 1605 gentes
1395 1559 1563 1590 omnes
1597 1541 1969 1603 benedicendas,
2001 1558 2101 1588 non
2131 1541 2226 1589 hoc
2257 1558 2314 1589 ex
2333 1541 2423 1588 cir-

284 1621 596 1678 cumcisione,
630 1621 713 1668 sed
738 1638 794 1668 ex
826 1621 906 1669 illa
930 1622 1104 1669 meruit
1129 1621 1402 1669 obedientia
1432 1639 1526 1686 qua
1547 1622 1701 1670 voluit
1732 1621 1884 1669 filium
1909 1622 2176 1669 immolare.
2204 1622 2423 1686 Denique

283 1701 322 1747 si
359 1701 629 1748 universam
666 1703 935 1749 testamenti
972 1703 1114 1749 vestri
1149 1702 1367 1749 revolvas
1400 1702 1676 1762 historiam,
1710 1702 1894 1750 nullam
1926 1702 2132 1768 reperies
2162 1702 2420 1749 circumci-

283 1781 431 1828 sionis
459 1782 896 1829 remunerationem
919 1783 1224 1847 promissam,
1260 1783 1342 1829 sed
1374 1782 1424 1828 id
1446 1792 1632 1829 tantum
1658 1799 1684 1830 a
1706 1783 1918 1829 Domino
1944 1782 2256 1829 constitutum
2287 1798 2389 1829 esse
2407 1818 2420 1840 ,

286 1871 337 1908 ut
368 1861 583 1925 quisquis
613 1861 674 1909 de
705 1863 886 1910 semine
917 1862 1117 1910 Abrahae
1150 1863 1460 1910 circumcisus
1490 1880 1591 1910 non
1625 1862 1790 1924 fuerit,
1829 1862 1877 1908 in
1913 1861 2097 1927 populo
2129 1878 2235 1922 suo,
2272 1861 2322 1908 id
2352 1870 2424 1908 est

283 1941 407 1988 inter
446 1940 570 1989 filios
610 1942 839 2002 Abrahae,
885 1960 985 1990 non
1028 1953 1420 1991 connumeretur.
1469 1944 1547 1990 Sic
1586 1943 1766 2008 quippe
1806 1942 2037 2007 scriptum
2077 1950 2164 2002 est,
2208 1940 2421 1987 Domino

284 2020 524 2069 Abraham
549 2021 796 2070 dicente²z
829 2025 1087 2070 «Statuam
1110 2033 1306 2088 pactum
1341 2040 1504 2071 meum
1539 2023 1662 2070 inter
1697 2039 1774 2069 me
1807 2032 1855 2069 et
1888 2031 1960 2082 te,
1999 2030 2046 2068 et
2080 2037 2242 2068 semen
2284 2030 2422 2068 tuum

282 2110 393 2166 post
414 2110 483 2162 te,
516 2112 607 2149 etc.
643 2104 748 2149 Hoc
779 2112 850 2150 est
881 2112 1075 2167 pactum
1099 2103 1234 2167 quod
1268 2102 1595 2150 observabitis.
1623 2100 2002 2149 Circumcidetur
2024 2117 2080 2148 ex
2106 2099 2244 2147 vobis
2274 2117 2422 2148 omne

284 2181 622 2229 masculinum.
657 2183 816 2230 Infans
841 2193 952 2230 octo
985 2183 1175 2231 dierum
1205 2183 1578 2231 circumcidetur
1605 2183 1654 2229 in
1683 2181 1839 2230 vobis.
1865 2181 2102 2230 Masculus
2136 2181 2270 2245 cujus
2306 2197 2425 2246 prae-

282 2262 404 2327 putii
426 2278 538 2309 caro
562 2263 843 2311 circumcisa
871 2280 972 2310 non
1003 2263 1166 2324 fuerit,
1192 2263 1367 2329 peribit
1389 2264 1548 2311 anima
1571 2262 1651 2310 illa
1675 2261 1736 2310 de
1760 2262 1943 2327 populo
1970 2278 2077 2321 suo,
2109 2270 2201 2308 etc.
2225 2280 2250 2306 υ
2277 2260 2423 2318 Quod

283 2341 480 2405 quidem
507 2362 529 2387 «
558 2343 730 2407 perire,
754 2363 776 2387 »
800 2343 838 2390 si
861 2342 920 2390 de
943 2343 1254 2391 damnatione
1277 2360 1469 2408 quoque
1492 2343 1663 2389 animae
1684 2341 2046 2405 intelligendum
2069 2357 2170 2388 esse
2192 2340 2420 2400 dixeritis,

282 2430 417 2470 tanto
455 2422 616 2469 minus
650 2423 796 2470 habet
829 2424 1028 2471 rationis
1063 2424 1298 2471 institutio
1338 2422 1744 2481 circumcisionis,
1784 2431 1965 2486 quanto
2002 2421 2314 2486 periculosius
2353 2431 2423 2468 est

283 2517 390 2548 eam
422 2518 523 2549 non
558 2502 755 2563 habere,
793 2504 896 2550 sine
939 2520 1035 2567 qua
1070 2505 1203 2569 prius
1246 2504 1365 2551 nihil
1403 2502 1643 2551 officiebat
1691 2518 1808 2549 esse.
1850 2504 1966 2559 Quae
2008 2501 2151 2548 etiam
2190 2500 2423 2548 sententia

283 2598 486 2646 regnum
529 2582 762 2630 coelorum
799 2584 1037 2650 praestruit
1072 2583 1335 2631 insantibus
1375 2594 1486 2631 ante
1526 2582 1656 2630 diem
1691 2591 1917 2628 octavum
1959 2578 2296 2636 morientibus,
2339 2579 2423 2645 qui

282 2660 464 2709 nullam
502 2672 661 2711 tamen
708 2663 870 2712 adhuc
917 2664 1264 2712 commiserunt
1311 2680 1488 2711 noxam
1548 2679 1642 2727 qua
1700 2661 1919 2708 damnari
1957 2660 2236 2708 meruerint.
2279 2658 2421 2717 Quod

282 2741 424 2789 etiam
456 2742 707 2806 diligenter
742 2743 960 2791 attendas
992 2761 1138 2808 quam
1171 2744 1613 2791 remunerationem
1649 2741 1961 2789 observantiae
1999 2741 2147 2788 totius
2179 2739 2296 2803 legis
2323 2741 2424 2786 Do-

283 2821 442 2868 minus
470 2824 717 2887 promittat
755 2840 810 2871 ac
841 2824 1069 2888 praefigat.
1099 2823 1224 2870 Nihil
1254 2825 1417 2888 utique
1450 2823 1562 2870 inde
1597 2822 1658 2869 ab
1694 2838 1753 2869 eo
1786 2821 1877 2868 nisi
1907 2830 2148 2868 terrenam
2179 2818 2421 2884 prosperi·

284 2908 428 2947 tatem
449 2903 648 2965 potestis
671 2913 961 2969 exspectare,
984 2921 1096 2951 cum
1122 2903 1244 2951 nihil
1268 2904 1400 2951 aliud
1425 2903 1491 2950 ibi
1513 2902 1804 2968 promissum
1825 2917 1925 2949 esse
1948 2899 2164 2948 videatis.
2193 2899 2288 2956 Qui
2311 2913 2422 2945 cum

284 2995 374 3026 nec
410 2981 630 3029 ostendat
666 2993 828 3031 utrum
862 2984 990 3032 hanc
1023 2985 1189 3032 saltem
1222 2984 1493 3043 obtineatis,
1525 2984 1609 3047 qui
1643 2993 1802 3030 vestro
1837 2998 2031 3046 quoque
2057 2979 2240 3044 judicio
2278 2993 2421 3043 super

286 3075 454 3106 omnes
483 3062 708 3109 mortales
741 3064 1028 3126 affligimini,
1061 3081 1158 3128 qua
1187 3081 1273 3129 spe
1303 3065 1351 3110 in
1380 3063 1472 3110 hac
1498 3063 1614 3127 legis
1644 3062 1920 3110 obedientia
1942 3070 2015 3108 tot
2042 3070 2090 3107 et
2122 3068 2255 3106 tanta
2284 3055 2418 3103 susti-

284 3139 436 3187 neatis
468 3156 567 3186 non
593 3142 898 3189 mediocriter
926 3153 999 3190 est
1031 3143 1334 3203 mirandum,
1373 3160 1484 3191 cum
1515 3144 1597 3191 illo
1629 3143 1850 3190 videlicet
1885 3138 2148 3188 commodo
2184 3137 2421 3202 praecipue

331 3312 336 3329 ¹
355 3309 483 3351 Genea,
499 3318 572 3350 cap.
589 3317 645 3349 xv,
662 3317 692 3341 v.
711 3310 742 3342 6.
762 3326 803 3332 —
847 3309 974 3352 Genea,
992 3320 1063 3353 cap.
1081 3321 1165 3352 xvu,
1183 3321 1213 3346 v.
1233 3315 1249 3346 7
1269 3317 1303 3345 ct
1318 3320 1392 3353 sqq.
