2638 3866
216 226 309 274 590
1022 220 1194 266 PETRI
1228 219 1544 268 ABAELARDl

214 326 395 386 gemitus
415 335 477 367 est
500 323 604 366 dum
627 331 826 382 peccator
850 320 904 363 de
926 320 1110 380 peccatis
1132 320 1216 362 suis
1239 319 1357 363 dolet
1378 332 1420 364 et
1441 322 1618 364 interius
1639 322 1854 376 turbatur,
1879 323 1997 383 quod
2020 336 2098 380 est,
2124 325 2229 368 dum
2247 342 2354 386 pec-

213 403 357 434 catum
390 402 433 433 et
461 389 659 446 iniquitas
695 386 906 445 displicet,
946 402 1038 428 non
1072 386 1226 428 timore
1260 402 1415 446 poenae,
1441 387 1518 430 sed
1552 403 1698 431 amore
1722 389 1923 445 justitiae3
1959 389 2148 449 alioquin
2171 408 2260 435 non
2294 403 2357 435 est

213 457 354 500 cordis
377 454 576 497 contritio
600 452 656 495 ad
678 452 875 504 salutem,
900 451 975 495 sed
1002 451 1158 494 mentis
1181 453 1467 495 consternatio
1492 452 1549 496 ad
1570 452 1908 498 damnationem.
1934 456 2003 499 Sic
2033 457 2148 499 enim
2179 468 2222 500 et
2250 458 2355 500 mali

213 524 257 564 in
290 522 433 563 futuro
457 518 686 571 dolebunt,
715 533 805 560 non
830 518 885 561 de
906 528 1084 577 peccato
1113 533 1198 575 quo
1221 518 1362 560 Deum
1391 518 1690 573 offenderunt,
1715 520 1791 563 sed
1815 520 1870 563 de
1891 522 1998 575 hoc,
2030 521 2149 580 quo-d
2172 533 2235 565 est
2254 538 2356 580 pec-

209 598 366 639 catum,
397 586 497 644 quia
527 584 629 626 inde
650 584 900 643 punientur.
926 583 1011 638 Qui
1043 583 1171 642 igitur
1192 583 1251 626 sic
1272 599 1351 642 pro
1375 585 1560 643 peccatis
1585 596 1786 644 gemunt,
1811 602 1901 629 non
1923 598 2098 646 peccata
2121 588 2180 630 eis
2203 588 2353 648 displi-

209 662 306 694 cent
340 661 516 710 propter
555 651 705 703 Deum,
723 649 798 692 sed
820 660 996 708 propter
1026 664 1216 707 poenam.
1242 649 1356 692 Talis
1389 650 1518 710 igitur
1547 651 1747 693 contritio
1778 652 1936 695 nullius
1969 653 2110 695 meriti
2142 664 2206 696 est
2239 653 2353 713 apud
2409 693 2414 697 .

206 719 362 759 Deum.
398 718 461 759 De
485 732 535 758 ea
558 731 680 768 vero,
706 731 802 774 quae
836 715 885 757 fit
913 730 968 758 ex
997 713 1227 757 dilectione
1248 715 1348 771 Dei,
1375 731 1429 758 ex
1451 732 1597 759 amore
1618 717 1812 773 justitiae,
1839 718 2001 761 dictum
2030 729 2093 761 est
2121 720 2250 762 etiam
2278 735 2356 779 per
2397 716 2408 722 ”

204 783 458 842 prophetam
488 798 497 824 :
524 783 572 824 In
599 797 853 840 quacunque
876 782 983 823 hora
1011 796 1240 823 conversus
1269 781 1398 824 fuerit
1426 793 1646 842 peccator,
1671 793 1754 826 etc.
1779 783 1918 839 Nota,
1944 784 2062 844 quod
2094 801 2184 827 non
2217 785 2351 839 dixit,

205 849 275 891 die
297 848 364 890 vel
395 863 542 890 mense
565 848 633 890 vel
673 863 804 900 anno,
837 848 937 906 quia
967 862 1065 888 cum
1098 847 1191 889 Deo
1224 846 1330 888 nihil
1358 847 1531 890 tardum
1555 848 1608 890 sit
1633 848 1702 891 vel
1732 849 1906 899 absens,
1932 851 2184 909 quantocius
2207 850 2355 910 aliquis

202 929 303 957 vere
326 914 518 972 poenitet,
543 914 757 956 tantocius
778 924 820 956 et
842 914 930 972 ipse
947 928 1133 972 praesens
1155 912 1352 955 remittit.
1377 913 1507 957 Unde
1529 925 1572 957 et
1594 914 1733 957 David
1759 930 1769 957 ε
1795 915 1910 968 Dixi,
1935 916 2175 959 confitebor
2196 916 2353 960 adver-

207 995 303 1022 sum
325 995 394 1021 me
418 980 666 1035 injustitiam
692 994 834 1021 meam
851 979 1065 1032 Domino,
1091 978 1137 1020 id
1161 989 1239 1031 est,
1273 978 1509 1022 deliberavi
1534 980 1578 1022 in
1603 980 1734 1023 corde
1755 996 1855 1024 meo
1886 981 1994 1024 illud
2017 981 2135 1041 quod
2156 993 2354 1025 contem-

208 1044 354 1087 nendo
373 1045 513 1087 Deum
530 1045 626 1098 feci,
647 1046 752 1087 mihi
776 1044 1000 1104 displicere
1032 1056 1210 1105 propter
1227 1045 1383 1088 Deum.
1401 1045 1654 1105 Promptum
1670 1057 1733 1088 est
1754 1047 1883 1107 igitur
1903 1058 1947 1090 et
1957 1037 2226 1090 manifestum
2238 1048 2356 1107 quod

205 1127 258 1153 ex
281 1127 366 1170 quo
382 1111 531 1170 aliquis
554 1127 654 1154 vere
681 1110 735 1153 de
758 1122 935 1170 peccato
954 1111 1107 1171 gemit,
1134 1111 1275 1170 ipsum
1290 1111 1370 1153 sibi
1397 1127 1419 1153 a
1444 1113 1536 1154 Deo
1561 1112 1848 1156 dimitti.Non
1868 1129 1971 1156 vero
1993 1113 2110 1157 aliud
2132 1126 2196 1157 est
2215 1115 2354 1157 Deum

205 1188 356 1235 pecata
371 1178 601 1228 dimittere,
621 1193 751 1236 quam
766 1187 970 1220 aeternam
986 1192 1159 1236 poenam
1180 1192 1259 1236 pro
1273 1177 1365 1236 ipso
1391 1177 1584 1221 debitam
1604 1178 1813 1222 relaxare.

1006 1392 1251 1449 CAPUT
1309 1392 1554 1451 XXXVI.

981 1540 1040 1575 De
1060 1536 1303 1576 COHfGSSlOne
1322 1545 1585 1590 peccatOl'Um.

265 1664 328 1705 De
352 1663 618 1706 confessione
643 1678 813 1721 quoque
836 1661 1077 1714 sciendum,
1103 1661 1222 1720 quod
1243 1661 1368 1704 valde
1393 1672 1456 1704 est
1477 1661 1607 1704 utilis.
1633 1661 1704 1704 Ad
1725 1663 1933 1719 majorem
1956 1652 2167 1721 siquidem
2188 1664 2357 1706 humili-

201 1730 299 1772 tatis
322 1729 631 1772 exhibitionem
651 1728 842 1769 instituta
865 1738 943 1769 est.
971 1727 1100 1770 Unde
1126 1743 1135 1770 :
1162 1727 1436 1770 Confitemini
1459 1728 1711 1771 alterutrum
1733 1739 1910 1788 peccata
1931 1739 2087 1772 vestra.
2112 1730 2222 1771 Cum
2239 1730 2353 1772 enim

203 1796 250 1837 in
271 1811 346 1838 sua
366 1804 575 1853 potestate
596 1794 729 1835 homo
750 1793 912 1852 positus
937 1809 961 1834 a
982 1793 1077 1835 Deo
1101 1792 1354 1842 discesserit,
1387 1794 1648 1835 conveniens
1669 1805 1776 1845 erat,
1802 1805 1849 1836 ut
1858 1794 1975 1837 idem
1988 1794 2067 1837 sub
2091 1794 2174 1837 alio
2193 1795 2355 1854 positus

203 1877 303 1903 cum
333 1860 572 1902 humilitate
605 1870 647 1901 et
671 1858 901 1901 devotione
932 1857 1110 1901 rediret.
1136 1858 1328 1916 Ideoque
1349 1859 1531 1900 instituit
1560 1860 1675 1901 Deus
1697 1859 1966 1902 sacerdotem
1996 1861 2060 1902 sui
2082 1861 2290 1903 vicarium
2313 1873 2355 1903 et

207 1927 327 1985 quasi
350 1926 583 1979 medicum,
618 1925 686 1967 cui
713 1923 822 1982 (sua)
845 1934 1020 1983 peccata
1043 1925 1163 1982 quasi
1186 1923 1364 1966 vulnera
1388 1923 1443 1965 ad
1468 1923 1708 1966 sanandum
1731 1924 2051 1984 delegarentur,
2079 1936 2125 1967 ut
2150 1941 2241 1968 non
2264 1942 2288 1968 a
2311 1942 2354 1969 se

202 1992 279 2035 sed
300 1992 354 2034 ab
380 1991 480 2045 alio,
505 1991 678 2047 majoris
701 1989 952 2032 humilitatis
975 2005 1118 2043 causa,
1145 1990 1325 2032 modum
1344 1990 1642 2032 satisfactionis
1676 1990 1871 2050 accipiat.
1902 1990 2157 2033 Notandum
2183 2001 2351 2039 tamen,

201 2058 356 2117 quodsi
388 2057 565 2100 articulo
595 2056 855 2098 necessitatis
886 2055 1137 2098 imminente
1161 2071 1251 2098 non
1274 2055 1543 2106 confiteatur,
1568 2071 1658 2098 non
1680 2066 1857 2115 propter
1883 2057 1969 2099 hoc
1994 2056 2250 2099 aeternaliter
2269 2073 2356 2115 pu-

203 2125 360 2167 nietur.
381 2123 425 2165 Si
445 2124 591 2165 autem
607 2138 660 2164 ex
683 2131 905 2164 contemtu
924 2120 992 2163 vel
1013 2136 1068 2163 ex
1083 2120 1343 2180 negligentia
1356 2121 1624 2174 remanserit,
1642 2120 1696 2163 de
1712 2122 1794 2164 hac
1817 2121 2074 2165 aeternaliter
2088 2122 2356 2181 puniendum

202 2190 443 2232 asserimus.
457 2189 607 2247 Neque
624 2188 740 2230 enim
752 2202 902 2229 veram
924 2186 1066 2229 cordis
1088 2187 1394 2228 contritionem
1407 2186 1605 2228 habuisse
1626 2186 1814 2239 videtur,
1835 2197 1879 2230 et
1902 2187 1933 2229 si
1956 2187 2172 2242 habuerit,
2199 2203 2250 2230 ex
2272 2187 2357 2230 hoc

200 2268 346 2298 tamen
366 2254 484 2314 quod
505 2254 696 2296 instituta
717 2253 918 2295 Ecclesiae
933 2252 1185 2304 contemnit,
1204 2251 1458 2294 aeternaliter
1480 2251 1724 2311 puniendus
1747 2268 1836 2295 esse
1860 2253 2142 2296 convincitur.
2167 2253 2211 2295 Si
2232 2269 2352 2306 vero,

205 2333 253 2364 ut
278 2322 478 2373 diximus,
507 2320 647 2378 aliqua
670 2335 799 2361 causa
820 2318 1131 2378 praepediente,
1158 2318 1214 2360 ad
1236 2318 1452 2360 minorem
1468 2318 1618 2377 nequit
1641 2318 1845 2361 accedere
1867 2319 2155 2371 sacerdotem,
2180 2319 2356 2363 accedat

205 2388 261 2430 ad
282 2389 507 2443 majorem,
533 2386 588 2428 de
609 2402 695 2444 quo
718 2385 763 2426 in
785 2385 1080 2427 Ecclesiastico
1111 2400 1120 2426 :
1152 2385 1264 2426 Ecce
1288 2383 1486 2426 sacerdos
1501 2399 1698 2443 magnus,
1724 2395 1806 2426 etc.
1833 2385 1887 2426 Et
1918 2385 2151 2443 Apostolus
2172 2399 2182 2427 ε
2208 2384 2356 2428 Plures

205 2454 305 2496 facti
336 2463 434 2495 sunt
465 2451 729 2505 sacerdotes,
764 2462 847 2494 etc.
884 2451 964 2492 Cui
1000 2451 1116 2492 enim
1149 2449 1324 2491 visibilis
1348 2449 1547 2492 sacerdos
1580 2450 1720 2503 deest,
1747 2450 1802 2491 ab
1835 2465 1888 2492 eo
1922 2449 2144 2501 invisibilis
2178 2450 2355 2493 minime

203 2519 337 2569 abest,
375 2517 508 2560 imino
532 2518 606 2576 qui
634 2517 727 2559 vult
757 2516 954 2559 confiteri
971 2527 1014 2557 et
1038 2532 1126 2558 non
1149 2525 1304 2574 potest,
1332 2514 1450 2573 quod
1478 2515 1653 2557 visibilis
1675 2514 1874 2558 sacerdos
1901 2515 2186 2569 ministraret,
2210 2516 2295 2557 hoc
2317 2517 2355 2559 ei

203 2586 423 2628 invisibilis
455 2584 653 2644 supplere
685 2598 908 2641 nunquam
940 2581 1214 2642 dedignatur.
1250 2580 1504 2623 Notandum
1540 2597 1642 2624 sane
1675 2592 1762 2635 est,
1797 2580 1918 2640 quod
1952 2596 2004 2623 ex
2039 2581 2356 2640 dispensatione

203 2667 374 2710 quoque
396 2662 536 2711 potest
553 2649 702 2708 aliquis
724 2665 748 2691 a
771 2648 1039 2692 confessione
1064 2662 1243 2697 cessare,
1270 2647 1342 2705 qui
1363 2657 1539 2706 propter
1557 2647 1642 2688 hoc
1663 2662 1753 2688 non
1775 2647 1910 2707 magis
1931 2646 2175 2705 puniendus
2197 2647 2351 2690 extitit.

202 2717 332 2771 Quod
364 2718 409 2759 in
439 2717 566 2759 Petro
589 2714 800 2774 perpendi
822 2713 944 2756 facile
972 2713 1120 2772 liquet.
1146 2714 1255 2754 Cum
1289 2713 1405 2754 enim
1434 2712 1585 2754 Petrus
1612 2713 1657 2754 in
1680 2712 1891 2771 primitiva
1915 2711 2103 2755 Ecclesia
2125 2723 2254 2765 esset,
2280 2712 2355 2755 ubi

203 2798 351 2824 omnes
375 2783 516 2825 adhuc
547 2781 705 2823 infirmi
729 2791 866 2833 erant,
893 2795 946 2821 ex
969 2778 1285 2838 dispensatione
1314 2778 1631 2820 confessionem
1654 2778 1708 2820 de
1731 2779 1962 2838 negatione
1984 2777 2176 2832 reticuit,
2201 2779 2300 2836 quia
2321 2780 2354 2820 si

204 2849 319 2889 hunc
342 2858 509 2889 tantum
539 2847 738 2889 Ecclesiae
770 2846 1052 2888 architectum
1074 2855 1164 2886 tam
1195 2843 1380 2903 graviter
1415 2843 1487 2885 alii
1518 2843 1726 2886 corruisse
1748 2844 1991 2897 novissent,
2016 2843 2199 2885 multum
2229 2844 2275 2885 in
2302 2859 2354 2886 eo

207 2913 477 2954 scandalizati
491 2913 682 2955 fuissent.
702 2912 833 2966 Quod
850 2922 992 2953 autem
1006 2910 1164 2952 infirmi
1178 2920 1318 2952 essent
1333 2909 1388 2951 ad
1402 2909 1651 2951 scandalum
1664 2910 1807 2968 proni,
1822 2910 1912 2969 ipse
1927 2909 2136 2951 Dominus
2152 2908 2353 2962 ostendit,

211 2977 284 3018 ubi
308 2979 366 3018 ait
392 2994 401 3020 ε
431 2979 563 3020 Sinite
587 2994 660 3020 eos
685 2979 819 3030 abire,
843 2988 890 3018 ut
917 2976 1146 3035 impleatur
1167 2975 1385 3034 Scriptura
1411 2990 1421 3018 :
1445 2976 1511 3016 Ex
1533 2975 1624 3028 his,
1651 2991 1758 3033 quos
1779 2974 1958 3017 tradidit
1979 2975 2082 3016 mihi
2105 2985 2242 3033 pater,
2266 2989 2356 3016 non

208 3042 379 3100 perdidi
401 3059 674 3100 quemquam.
702 3043 838 3101 Super
859 3043 975 3083 hunc
1004 3041 1164 3083 etenim
1186 3040 1333 3082 locum
1356 3039 1459 3082 dicit
1481 3040 1743 3100 Augustinus
1771 3056 1780 3082 :
1807 3040 1908 3082 Non
1931 3050 2052 3082 erant
2073 3050 2203 3081 tantae
2227 3037 2351 3091 fidei,
2393 3077 2395 3079 .

209 3108 255 3149 in
286 3123 370 3165 qua
401 3107 551 3149 salvari
581 3118 779 3166 possent,
806 3118 848 3148 et
870 3107 970 3148 ideo
998 3106 1034 3147 si
1053 3116 1157 3147 tunc
1190 3105 1350 3147 mortui
1379 3116 1519 3148 essent
1547 3105 1802 3147 aeternaliter
1825 3104 2015 3147 damnati
2045 3115 2199 3146 essent.
2225 3103 2355 3157 Quod

210 3188 310 3215 vero
334 3173 483 3214 Petrus
505 3188 595 3214 non
619 3171 834 3214 confessus
857 3171 999 3224 fuerit,
1026 3186 1079 3212 ex
1102 3170 1354 3212 auctoritate
1376 3171 1610 3225 habemus3
1637 3171 1696 3211 ait
1718 3171 1833 3212 enim
1854 3171 1942 3212 Leo
1963 3184 2075 3227 papa
2100 3184 2109 3210 :
2130 3169 2354 3227 Lacrymas

208 3238 324 3281 Petri
346 3237 444 3296 legi,
472 3237 786 3279 confessionem
812 3251 902 3277 non
924 3235 1114 3277 invenio.
1140 3234 1296 3276 Delent
1318 3251 1420 3294 ergo
1444 3235 1631 3277 lacrimae
1655 3245 1847 3293 peccata,
1875 3250 1970 3292 quae
1992 3233 2134 3292 pudor
2155 3244 2218 3276 est
2244 3249 2353 3276 con-

207 3303 330 3347 fiteri.
367 3304 421 3344 Et
449 3302 701 3345 Ambrosius
734 3302 819 3342 hoc
851 3300 968 3343 idem
999 3299 1133 3342 modo
1166 3299 1227 3341 ibi
1257 3299 1311 3342 de
1340 3300 1613 3343 sacramentis
1641 3298 1884 3342 confirmat.
1921 3299 2151 3358 Gregorius
2184 3315 2353 3358 quoque
