2638 3866
279 203 373 251 350
1085 204 1255 252 PETR1
1289 204 1461 253 ABAEL
1467 203 1602 252 ARDI

277 303 586 351 continebat?
607 321 630 347 »
662 302 942 350 Ambrosius
964 303 1024 351 de
1057 305 1269 353 Priscilla
1291 316 1337 353 et
1360 305 1548 370 Aquila¹
1572 322 1583 351 :
1619 323 1642 348 «
1658 304 1716 350 Hi
1739 303 1988 351 credentes
2016 301 2125 350 facti
2150 312 2260 350 sunt
2287 302 2401 350 socii

277 383 456 432 laboris
491 382 729 447 Apostoli,
771 393 824 430 ut
861 385 1006 430 etiam
1043 384 1136 449 ipsi
1171 386 1542 433 exhortarentur
1579 393 1772 431 caeteros
1805 382 1868 430 ad
1903 381 2068 430 fidem.
2103 383 2323 446 Denique
2356 395 2402 429 et

281 463 450 528 Apollo
483 463 701 526 quamvis
724 463 866 511 fuerit
889 465 1172 513 exercitatus
1194 467 1244 513 in
1270 465 1531 532 scripturis,
1554 463 1616 512 ab
1639 464 1714 511 his
1741 473 1902 511 tamen
1925 463 2052 510 viam
2076 463 2275 510 Domini
2294 461 2402 509 dili·

277 544 460 606 gentius
489 543 746 590 instructus
768 553 854 591 est.
891 543 1005 592 Ideo
1038 546 1196 592 socios
1218 545 1395 594 laboris
1424 546 1499 593 sui
1527 545 1643 592 dicit
1665 549 1744 593 eos
1772 545 1820 591 in
1849 542 2037 591 Christo
2064 545 2194 590 Jesu.
2219 544 2403 607 Coope·

272 623 383 670 rarii
406 623 535 670 enim
557 623 658 687 ejus
679 624 871 671 fuerunt
895 625 945 671 in
965 625 1239 689 Evangelio.
1269 626 1407 673 Unde
1431 626 1669 690 praecipue
1691 624 1831 672 docet
1852 633 2086 688 quantum
2109 621 2308 670 obedire
2337 622 2403 668 eis

273 703 476 757 Romani
499 701 764 751 debeant.»
801 705 1053 768 Origenes²
1080 723 1090 751 ε
1123 723 1148 750 «
1166 708 1326 753 Potest
1348 716 1510 753 autem
1533 705 1653 767 fieri,
1687 714 1740 752 ut
1758 705 1870 770 quia
1885 704 1967 751 illo
1992 713 2228 768 tempore,
2257 702 2403 767 pulsis

274 797 329 829 ex
368 781 490 829 urbe
524 782 698 830 Judaeis
735 800 822 849 per
859 795 1153 850 praeceptum
1192 785 1405 847 Caesaris,
1447 785 1733 832 Corinthum
1766 793 2019 845 venerunt,
2059 798 2222 830 rursus
2261 781 2402 829 edicti

274 874 488 913 cessante
522 866 714 927 saevitia,
746 867 944 932 regressi
971 868 1290 916 salutarentur
1321 885 1348 916 a
1370 868 1535 916 Paulo.
1562 871 1695 926 Quos
1716 878 1875 915 tamen
1899 874 2098 932 apparet
2129 865 2403 912 Judaeorum

273 945 474 1007 insidiis,
499 947 647 994 Paulo
667 948 984 1013 periclitante,
1009 949 1290 1014 semetipsos
1313 947 1559 1013 objecisse,
1587 960 1638 996 ut
1662 949 1738 996 ille
1761 947 1884 995 liber
1902 946 2196 995 abscederet.
2215 964 2239 990 υ
2267 965 2291 989 α
2309 944 2403 1002 Qui

273 1041 362 1090 pro
387 1026 549 1073 anima
583 1042 690 1074 mea
714 1044 823 1075 suas
853 1029 1062 1076 cervices
1095 1038 1480 1094 supposuerunt,
1506 1027 1679 1092 quibus
1702 1045 1800 1075 non
1826 1045 1914 1090 ego
1937 1026 2067 1074 solus
2089 1024 2261 1089 gratias
2289 1040 2399 1089 ago,

273 1105 356 1152 sed
379 1115 441 1153 et.
467 1126 491 1150 »
524 1107 578 1153 Id
613 1117 683 1154 est
716 1109 813 1155 vita
846 1109 1178 1157 conservanda
1210 1110 1353 1156 morti
1383 1125 1434 1156 se
1465 1117 1810 1174 opposuerunt.
1848 1128 1871 1151 «
1893 1109 2086 1154 Cunctae
2116 1103 2399 1168 Ecclesiae.»

274 1188 491 1243 Quarum
514 1186 736 1235 videlicet
764 1188 1019 1253 Apostolus
1056 1188 1342 1254 praedicator
1364 1205 1449 1236 seu
1473 1187 1646 1236 doctor
1678 1188 1940 1253 specialiter
1971 1186 2162 1234 dicitur.
2192 1187 2402 1232 «Dome-

274 1266 441 1313 sticam
479 1282 651 1315 eorum
685 1267 962 1315 Ecclesiam.
1001 1269 1211 1316 Salutate
1243 1271 1520 1335 Epaenetum
1556 1268 1783 1316 dilectum
1815 1267 1935 1316 mihi
1969 1267 2053 1332 qui
2083 1276 2169 1314 est.
2193 1284 2216 1310 υ
2253 1264 2308 1312 Id
2336 1275 2403 1313 est

273 1353 426 1393 totam
463 1346 682 1410 ipsorum
718 1347 947 1396 familiam
982 1348 1044 1395 ad
1080 1348 1225 1396 fidem
1258 1348 1472 1396 similiter
1509 1363 1810 1396 conversam.
1853 1347 2168 1394 «Primitivus
2205 1346 2322 1393 Asiae
2355 1347 2401 1392 in

274 1424 481 1473 Christo.
509 1427 720 1475 Salutate
748 1429 965 1476 Mariam.
986 1448 1010 1473 n
1052 1432 1238 1494 Haymo
1266 1447 1278 1477 ε
1311 1450 1335 1473 «ι
1362 1430 1470 1476 Sive
1503 1429 1617 1493 quia
1647 1429 1779 1495 prius
1816 1427 2036 1476 omnium
2067 1425 2286 1486 credidit,
2321 1442 2404 1474 seu

273 1506 416 1553 etiam
438 1506 552 1570 quia
581 1524 763 1571 magnae
794 1507 1038 1571 dignitatis
1061 1518 1205 1574 atque
1240 1509 1501 1557 nobilitatis
1522 1518 1645 1570 erat,
1671 1519 1725 1556 ut
1748 1508 2021 1556 ostenderet
2047 1506 2235 1554 nobiles
2259 1506 2401 1554 etiam

274 1585 335 1632 ad
371 1584 519 1633 fidem
557 1588 740 1647 venire,
782 1603 838 1634 ac
862 1604 948 1653 per
987 1588 1082 1636 hoc
1120 1590 1342 1637 invitaret
1371 1590 1556 1656 primos
1582 1580 1924 1636 'Romanorum
1957 1587 2020 1635 ad
2054 1585 2220 1634 fidem.
2251 1589 2404 1644 «Quae

275 1665 540 1712 multum.»
567 1667 823 1730 Origenes⁸
846 1685 855 1713 :
884 1685 908 1712 «
929 1669 1083 1716 Docet
1105 1669 1250 1716 etiam
1280 1668 1455 1717 debere
1491 1669 1632 1716 etiam
1660 1667 1859 1716 feminas
1886 1666 2108 1716 laborare
2130 1682 2220 1733 pro
2244 1665 2406 1713 Eccle-

275 1744 372 1791 siis.
419 1745 662 1793 Laborant
698 1763 810 1794 cum
848 1746 1026 1794 docent
1071 1747 1449 1797 adolescentulas
1494 1749 1655 1796 omnia
1695 1765 1801 1813 quae
1841 1747 1902 1795 de
1943 1747 2113 1795 officiis
2151 1745 2405 1794 mulierum

275 1826 451 1891 scripta
473 1826 757 1873 referuntur.
774 1845 798 1871 »
817 1846 840 1872 r<
854 1827 1109 1875 Laboravit
1133 1828 1181 1875 in
1205 1828 1362 1876 nobis.
1385 1829 1593 1876 Salutate
1621 1815 1947 1876 Andronicum
1964 1837 2012 1875 et
2035 1828 2224 1874 Juliam.
2249 1845 2272 1870 »
2293 1830 2403 1873 Am-

276 1903 494 1952 brosius‘
519 1923 530 1951 ε
561 1926 585 1949 c<
605 1906 676 1953 Ad
701 1906 1084 1955 exhortationem
1108 1907 1319 1955 illorum.
1343 1926 1367 1953 »
1394 1911 1579 1972 Haymo
1606 1924 1617 1954 ε
1646 1927 1668 1953 «
1687 1907 1959 1968 Laboravst,
1991 1906 2205 1954 officium
2228 1905 2406 1953 scilicet

275 1984 627 2049 praedicationis
653 1986 840 2035 feminis
876 1988 949 2035 sui
977 2003 1116 2035 sexus
1147 1987 1477 2054 impendendo
1501 2005 1588 2054 per
1613 1988 1803 2036 domos.
1837 1991 1958 2035 Nam
1992 1988 2041 2034 in
2076 1986 2284 2034 Ecclesia
2305 2002 2406 2033 non

276 2065 519 2113 docebant
536 2067 820 2115 mulieres.»
851 2087 874 2112 α
888 2070 1145 2132 Cognatos.
1165 2087 1189 2113 »
1214 2068 1495 2116 Ambrosius
1514 2086 1525 2115 ε
1552 2088 1575 2112 ct
1588 2069 1742 2116 Etiam
1759 2069 1894 2132 juxta
1915 2083 2108 2115 carnem
2125 2075 2172 2114 et
2187 2068 2238 2113 S.
2258 2066 2405 2131 Spiri-

275 2155 397 2193 tum.
420 2166 444 2190 »
474 2165 498 2191 «
515 2147 835 2212 Concaptivos
860 2163 996 2195 meos
1017 2148 1101 2211 qui
1121 2158 1234 2196 sunt
1258 2147 1462 2196 nobiles.
1487 2167 1509 2192 »
1536 2152 1723 2213 Haymo
1750 2166 1760 2195 :
1791 2167 1812 2193 «
1833 2148 1913 2195 Isti
1937 2156 2048 2194 sunt
2069 2147 2230 2194 exules
2254 2145 2409 2193 effecti

275 2226 479 2291 propriae
509 2227 634 2274 sedis
659 2226 724 2274 ob
756 2227 958 2292 gratiam
987 2228 1105 2289 Dei,
1136 2229 1258 2276 sicut
1287 2238 1335 2276 et
1361 2227 1557 2277 Paulus·
1581 2247 1605 2273 »
1634 2248 1656 2272 «
1677 2231 1731 2275 In
1756 2227 1994 2294 Apostolis
2024 2227 2108 2292 qui
2131 2236 2178 2274 et
2199 2234 2308 2274 ante
2330 2241 2407 2272 me

275 2306 484 2367 fuerunt,
507 2327 530 2352 »
560 2308 609 2355 id
636 2318 708 2356 est
730 2308 854 2356 inter
876 2308 1228 2374 praedicatores.
1259 2309 1459 2356 Videtur
1488 2308 1583 2356 hoc
1606 2309 1715 2356 loco
1741 2309 1884 2357 etiam
1912 2308 2142 2356 feminam
2169 2306 2406 2372 Apostoli·

277 2403 383 2434 cam
405 2386 582 2448 dicere,
615 2388 707 2435 nisi
728 2387 851 2435 forte
874 2388 1019 2435 istum
1046 2389 1207 2453 «qui»
1235 2388 1296 2437 ad
1321 2388 1649 2436 Andronicum
1674 2398 1859 2436 tantum
1882 2397 1930 2435 et
1957 2387 2256 2452 supradictos
2280 2387 2408 2432 viros

276 2463 510 2512 violenter
528 2465 805 2513 referamus.
833 2485 856 2509 ε(
873 2468 926 2512 In
947 2465 1157 2513 Christo.
1183 2465 1393 2514 Salutate
1413 2465 1703 2530 Ampliatum
1724 2465 1950 2512 dilectum
1968 2464 2087 2511 mihi
2103 2464 2152 2510 in
2173 2463 2402 2510 Domino.

275 2546 483 2594 Salutate
518 2546 768 2595 Urbanum
800 2546 1073 2611 adjutorem
1107 2557 1327 2594 nostrum
1359 2548 1408 2594 in
1441 2546 1631 2594 Christo
1664 2556 1710 2594 et
1742 2545 1960 2607 Stachin,
1987 2564 2010 2590 »
2042 2543 2094 2592 id
2129 2552 2201 2591 est
2231 2544 2280 2589 in
2313 2541 2407 2590 fide

276 2625 464 2673 Christi.
507 2645 531 2672 «
549 2630 835 2689 Nostrum,>›
868 2627 963 2675 mei
997 2627 1174 2675 scilicet
1207 2637 1255 2674 et
1288 2627 1511 2674 aliorum.
1544 2626 1819 2674 «Dilectum
1842 2641 2006 2673 meum
2030 2623 2267 2671 salutate»
2298 2632 2345 2670 et
2369 2623 2407 2669 si

276 2723 375 2753 non
411 2707 476 2754 ita
505 2708 795 2772 adjutorem,
827 2728 850 2754 «
878 2707 1088 2773 Apellen.
1113 2727 1136 2753 »
1175 2709 1406 2772 Origenes
1438 2725 1449 2754 ε
1487 2726 1512 2752 «
1540 2709 1663 2754 Puto
1689 2705 1823 2754 hunc
1860 2705 2055 2771 Apellen
2093 2713 2202 2770 post
2234 2702 2408 2750 multas

279 2784 608 2836 tribulationes
632 2790 856 2836 transisse
885 2788 1138 2853 sapienter,
1178 2798 1224 2835 et
1249 2787 1360 2835 ideo
1389 2787 1698 2852 pronunciari
1721 2786 1958 2851 probum,
1984 2783 2249 2833 secundum
2275 2782 2407 2847 quod

278 2863 377 2926 ipse
401 2866 448 2911 in
469 2866 571 2914 aliis
594 2867 730 2929 dixit,
758 2869 872 2933 quia
892 2878 1120 2932 operatur
1143 2868 1370 2933 patientia
1392 2866 1749 2932 probationem.
1767 2865 2043 2914 Videndum
2059 2874 2130 2913 est
2149 2880 2212 2912 ne
2228 2864 2330 2928 ipse
2351 2862 2409 2909 sit

278 2943 360 3005 qui
399 2944 448 2991 in
483 2947 676 2995 Actibus
711 2948 1050 3012 Apostolorum
1085 2948 1258 3013 Apollo
1299 2958 1625 3013 nuncupatur,
1667 2947 2041 3006 Alexandrinus,
2079 2947 2129 2993 in
2167 2943 2409 3008 scripturis

326 3173 694 3216 ι(ἔονητνι.ιἠΕρῑει.αεὶ
707 3176 1140 3219 Rom.‚0pp.11,Append.,
1156 3179 1218 3210 col.
1235 3181 1302 3211 108.
1378 3178 1518 3209 tuendus
1536 3188 1544 3208 :
1569 3190 1586 3207 ιι
1607 3175 1798 3209 Commouet
1834 3180 1893 3209 hos
1926 3178 2055 3208 nominc
2084 3174 2208 3213 Μαι-ἰῶ,
2236 3183 2331 3214 quam
2360 3175 2407 3205 in-

280 3242 318 3248 -
330 3229 340 3248 ²
360 3226 486 3259 Gomm.
502 3228 541 3259 in
562 3229 674 3269 Epist.
691 3230 736 3261 ad
752 3231 848 3262 Rom.
866 3231 922 3262 lib.
947 3230 986 3269 X,
1003 3240 1036 3271 p.
1055 3232 1127 3263 681.
1145 3230 1305 3262 -031bid.
1380 3233 1554 3272 telligimus
1571 3233 1612 3264 ad
1625 3233 1881 3264 exhortationem
1896 3231 2022 3263 illorum
2046 3230 2222 3270 impensius
2235 3230 2407 3265 laborasse,

283 3289 316 3319 p.
337 3282 409 3314 682.
433 3298 473 3306 -
490 3283 501 3302 ⁴
518 3283 561 3315 In
576 3282 683 3323 Epist.
703 3283 749 3315 ad
762 3284 854 3316 Rom.
874 3284 935 3315 col.
952 3284 1022 3317 109.
1037 3284 1141 3316 Locus
1154 3285 1200 3316 sic
1217 3285 1307 3316 resti·
1382 3290 1418 3318 ut
1439 3287 1558 3326 gratias
1576 3286 1620 3318 illi
1643 3290 1777 3325 agant.»
