2638 3866
289 211 385 258 672
1099 207 1269 254 PETRI
1303 207 1618 257 ABAELARDI

293 325 343 356 se
371 319 418 356 et
441 308 646 356 maxime
668 306 929 354 christiano
954 315 1001 353 et
1028 306 1162 370 quod
1186 307 1485 372 praemissum
1507 319 1579 356 est
1599 308 1790 372 objicit,
1821 328 1844 354 «
1865 309 2003 358 Fides
2024 328 2124 360 non
2148 311 2298 360 habet
2321 330 2426 360 me-

289 389 431 435 ritum
450 426 462 449 ,
496 396 588 435 etc.
632 406 655 429 >2
687 386 854 433 Statim
885 385 1171 434 christianus
1204 403 1259 434 ex
1295 387 1398 453 ipsa
1442 404 1529 436 sua
1562 387 1839 437 defensione
1871 390 2222 453 confundetur,
2261 392 2426 440 dicens

287 469 388 531 ejus
416 468 605 532 penitus
627 466 837 514 rationes
857 467 906 513 in
932 465 1107 514 talibus
1131 466 1396 515 audiendas
1419 484 1520 515 non
1546 485 1666 528 esse,
1693 469 1776 518 ubi
1809 486 1889 518 eas
1912 472 2014 536 ipse
2037 472 2231 536 penitus
2261 472 2427 520 induci

287 547 529 611 prohibet,
547 563 637 594 nec
659 562 777 593 eum
794 545 1004 609 aliquem
1028 546 1296 595 rationibus
1313 547 1374 595 de
1394 546 1488 595 fide
1509 558 1638 597 recte
1659 549 1931 615 impugnari
1951 551 2152 599 minime
2175 551 2423 616 permittit.

353 630 677 675 Cams'nfflns.
699 629 760 672 Ut
776 627 842 673 ait
858 625 937 673 ille
954 627 1188 674 maximus
1201 627 1487 693 sapientum,
1507 629 1575 676 sic
1592 639 1639 676 et
1655 629 1938 695 plerumque
1954 631 2166 679 rationes
2181 631 2423 691 videntur,

287 707 381 753 hoc
405 716 475 753 est
498 705 844 754 rationabiliter
868 716 915 753 et
937 707 1284 755 convenienter
1308 708 1470 773 aliq-ua
1491 708 1606 769 dici,
1631 727 1743 757 cum
1767 711 1964 758 minime
1983 711 2049 759 ita
2074 712 2151 759 sit.

354 789 544 834 PfflLos.
585 786 714 844 Quid
741 795 790 833 et
820 785 882 833 de
912 786 1042 850 ipsis,
1075 803 1181 851 quae
1213 804 1304 851 pro
1332 788 1696 836 auctoritatibus
1727 789 2005 838 habentur?
2033 795 2204 839 Nonne
2229 792 2279 838 in
2314 791 2428 857 ipsis

287 866 550 931 plurimum
573 866 789 914 erratur?
808 866 1030 930 Alioquin
1051 883 1151 914 non
1178 877 1337 915 essent
1358 877 1430 916 tot
1454 866 1567 916 fidei
1592 879 1729 916 sectae
1753 869 1970 929 diversae,
1991 871 2030 918 si
2053 871 2235 918 eisdem
2258 887 2428 920 omnes

288 947 648 995 auctoritatibus
681 957 942 995 uterentur.
979 947 1072 994 Sed
1102 958 1248 1012 prout
1280 949 1483 1013 quisque
1517 949 1716 1014 propria
1747 950 1934 998 ratione
1962 950 2218 1013 deliberat,
2257 951 2429 1016 singuli

288 1044 407 1091 quas
430 1038 670 1076 sectantur
693 1028 999 1076 auctoritates
1023 1027 1220 1090 eligunt.
1244 1028 1467 1093 Alioquin
1491 1028 1821 1077 indifferenter
1843 1031 2063 1078 omnium
2082 1030 2429 1096 scripturarum

288 1109 531 1155 sententiae
561 1117 716 1156 essent
751 1107 1088 1173 suscipiendae,
1118 1109 1208 1155 nisi
1238 1109 1361 1156 ratio
1397 1125 1502 1173 quae
1530 1110 1810 1157 naturaliter
1841 1111 1973 1175 prior
2002 1111 2068 1158 eis
2100 1122 2192 1171 est,
2231 1110 2293 1158 de
2316 1112 2430 1177 ipsis

281 1189 413 1252 prius
447 1189 646 1236 haberet
671 1189 906 1252 judicare..
938 1192 1059 1236 Nam
1094 1198 1141 1235 et
1170 1189 1261 1253 ipsi
1294 1190 1377 1252 qui
1410 1190 1703 1254 scripserunt
1722 1227 1734 1250 ,
1760 1207 1860 1238 non
1892 1191 1985 1238 nisi
2018 1208 2073 1238 ex
2110 1192 2298 1239 ratione
2333 1209 2430 1257 qua

282 1285 449 1315 eorum
481 1268 726 1316 abundare
747 1268 974 1315 videntur
1005 1269 1273 1330 sententiae,
1301 1269 1661 1328 auctoritatem,
1687 1269 1782 1318 hoc
1812 1280 1883 1318 est
1904 1270 2134 1318 credendi
2166 1272 2324 1318 statim
2362 1272 2430 1320 eis

282 1359 560 1396 meruerunt
596 1349 895 1413 dignitatem.
934 1348 1064 1396 Adeo
1097 1358 1257 1396 autem
1293 1350 1511 1414 ipsorum
1556 1367 1753 1415 quoque
1783 1351 1969 1415 judicio
2003 1352 2275 1400 auctoritati
2306 1353 2429 1401 ratio

281 1430 594 1495 praeponitur,
630 1439 684 1476 ut
718 1430 839 1476 sicut
861 1438 1015 1476 vester
1045 1430 1265 1477 meminit
1295 1431 1560 1491 Antonius,
1589 1450 1612 1473 <c
1642 1447 1755 1478 cum
1785 1431 2010 1479 humanae
2034 1433 2234 1480 rationis
2263 1449 2430 1481 sensus

280 1511 505 1557 inventor
530 1510 670 1557 fuerit
703 1510 976 1570 literarum,
1006 1510 1085 1556 cui
1108 1526 1276 1557 sensus
1306 1520 1377 1557 est
1408 1510 1689 1568 incolumis,
1726 1512 1770 1558 ei
1795 1512 1994 1559 minime
2023 1513 2301 1560 necessariae
2335 1513 2431 1561 sint

281 1591 488 1638 literae.»
517 1594 634 1649 Quae
673 1591 719 1637 in
759 1591 894 1637 omni
929 1590 1264 1655 philosophica
1300 1590 1627 1656 disputatione
1664 1592 1731 1639 ita
1769 1593 2086 1640 novissimum
2123 1603 2203 1640 aut
2242 1592 2431 1641 nullum

283 1671 500 1718 obtinere
531 1680 756 1718 consetur
789 1670 976 1728 locum,
1015 1680 1067 1717 ut
1102 1687 1159 1718 ea
1195 1687 1302 1735 quae
1333 1687 1363 1718 a
1393 1671 1462 1718 rei
1496 1671 1708 1735 judicio,
1741 1671 1792 1719 id
1821 1683 1893 1721 est
1924 1673 1986 1721 ab
2020 1674 2303 1721 auctoritate
2341 1673 2430 1721 du-

283 1761 458 1799 cuntur
482 1761 784 1815 argumenta,
817 1768 900 1798 eos
929 1751 1130 1798 omnino
1154 1751 1383 1798 inducere
1406 1752 1603 1816 pudeat,
1639 1753 1723 1816 qui
1751 1753 1814 1800 de
1835 1754 2044 1819 propriis
2066 1753 2247 1801 viribus
2277 1753 2430 1802 confi-

283 1831 449 1879 dentes
478 1831 643 1879 alienae
672 1832 778 1897 opis
808 1831 1044 1893 refugium
1079 1831 1417 1895 dedignantur.
1444 1831 1584 1878 Unde
1619 1831 1744 1879 bene
1776 1833 2055 1898 philosophi
2088 1835 2256 1881 talium
2289 1851 2430 1899 argu-

284 1921 558 1958 mentorum
587 1912 722 1959 locos
743 1928 855 1958 cum
885 1910 947 1958 ad
970 1927 1052 1958 eos
1073 1921 1232 1958 orator
1252 1912 1402 1975 magis
1427 1927 1573 1975 quam
1596 1910 1917 1977 philosophus
1939 1913 2200 1977 confugere
2222 1914 2427 1977 cogitur,

283 1992 484 2038 omnino
507 1993 798 2039 extrinsecos
821 2000 867 2038 et
889 2007 917 2038 a
939 2008 991 2038 re
1009 1991 1272 2054 disjunctos
1296 2001 1344 2038 et
1360 1991 1423 2038 ab
1446 1992 1582 2038 omni
1599 1993 1773 2039 virtute
1793 1992 2048 2040 destitutos
2072 1994 2426 2057 judicaverunt,

284 2080 449 2137 utpote
472 2073 520 2118 in
543 2072 774 2137 opinione
792 2071 954 2136 potius
975 2087 1122 2135 quam
1147 2071 1196 2117 in
1218 2071 1416 2118 veritate
1440 2072 1771 2131 consistentes,
1796 2082 1844 2119 et
1864 2073 2001 2120 nullo
2023 2074 2206 2137 ingenii
2226 2072 2430 2122 artificio

283 2152 345 2200 ad
375 2169 577 2200 suorum
602 2152 934 2201 inventionem
960 2161 1356 2216 argumentorum
1386 2162 1604 2216 agentes,
1641 2169 1755 2200 cum
1786 2153 1849 2213 is,
1876 2154 1960 2218 qui
1995 2170 2051 2201 ea
2085 2153 2294 2215 inducit,
2329 2171 2429 2201 non

283 2234 396 2293 suis,
429 2234 515 2281 sed
543 2234 708 2282 alienis
741 2242 900 2280 utatur
916 2232 1089 2280 verbis.
1116 2232 1253 2280 Unde
1283 2243 1331 2279 et
1354 2233 1547 2280 Boetius
1574 2242 1729 2280 vester
1748 2242 1847 2280 tam
1878 2233 2251 2282 Themistianam
2284 2251 2431 2298 quam

279 2314 545 2363 Tullianam
566 2315 786 2362 locorum
809 2313 1070 2361 dictionem
1091 2313 1139 2360 in
1166 2315 1351 2377 Topicis
1375 2314 1472 2362 suis
1491 2302 1818 2378 complectens
1846 2334 1856 2359 :
1886 2334 1909 2358 «
1931 2317 1967 2362 A
1993 2315 2062 2362 rei
2082 2314 2288 2378 judicio,
2312 2336 2335 2359 κ
2361 2316 2431 2362 in-

280 2396 428 2460 quit¹,
461 2417 483 2439 «
503 2412 610 2460 quae
638 2404 750 2442 sunt
780 2405 1063 2457 argumenta
1091 2395 1228 2458 quasi
1260 2395 1593 2442 testimonium
1627 2395 1860 2459 praebent,
1895 2404 1942 2442 et
1969 2405 2080 2442 sunt
2110 2394 2431 2443 inartificiales

282 2475 392 2535 loci,
420 2485 564 2541 atque
587 2476 789 2523 omnino
817 2474 1060 2538 disjuncti,
1098 2490 1188 2521 nec
1211 2491 1315 2521 rem
1336 2474 1498 2539 potius
1520 2490 1666 2537 quam
1693 2476 1977 2540 opinionem
2000 2476 2222 2523 videlicet
2241 2486 2430 2523 sectan-

282 2567 368 2604 tes.
399 2578 422 2601 »
453 2559 630 2604 Rursus
657 2555 786 2603 idem
821 2554 882 2602 de
914 2571 973 2602 eo
1007 2554 1183 2602 dicitur
1214 2554 1483 2602 secundum
1508 2555 1719 2602 Tullium
1746 2575 1757 2602 :
1789 2577 1812 2599 «
1832 2558 1993 2604 Restat
2025 2557 2065 2603 is
2094 2557 2258 2618 locus,
2283 2577 2306 2600 »
2332 2557 2427 2616 ait,

286 2657 308 2681 «
328 2654 473 2700 quern
506 2638 799 2685 extrinsecus
829 2636 949 2683 dixit
981 2636 1174 2683 assumi.
1210 2636 1298 2682 Hic
1317 2635 1502 2700 judicio
1525 2636 1692 2683 nititur
1715 2646 1763 2683 et
1785 2637 2068 2685 auctoritate
2090 2647 2138 2684 et
2161 2647 2291 2684 totus
2315 2653 2433 2702 pro-

283 2717 454 2765 babilis
482 2728 577 2777 est,
604 2717 723 2764 nihil
752 2716 1007 2764 continens
1033 2716 1372 2763 necessarium.
1397 2735 1420 2759 υ
1448 2718 1508 2762 Et
1528 2725 1639 2781 post
1664 2716 1825 2780 aliqua
1851 2735 1862 2763 ε
1892 2737 1914 2760 «
1935 2718 2023 2764 Hic
2044 2733 2160 2765 vero
2190 2718 2327 2765 locus
2348 2734 2433 2764 ex-

287 2799 518 2845 trinsecus
551 2798 725 2846 dicitur
757 2813 859 2844 esse
886 2796 1201 2855 constitutuS,
1240 2797 1476 2861 quoniam
1509 2813 1611 2844 non
1646 2797 1706 2844 de
1728 2797 1804 2844 his
1837 2798 1923 2862 qui
1954 2796 2195 2863 praedicati
2218 2797 2296 2845 vel
2321 2796 2432 2845 sub-

281 2879 394 2940 jecti
423 2888 534 2925 sunt
557 2878 791 2937 terminis,
827 2877 1048 2935 sumitur,
1074 2876 1159 2924 sed
1182 2877 1244 2924 ab
1267 2877 1562 2924 extrinsecus
1587 2878 1744 2942 posito
1764 2878 1948 2942 judicio
1967 2878 2115 2926 venit.
2139 2879 2261 2925 Hinc
2288 2878 2429 2925 etiam

287 2957 594 3005 inartificialis
634 2967 681 3005 et
715 2974 910 3022 expers,
933 2976 955 3002 »
985 2958 1079 3016 ait,
1120 2966 1382 3016 «vocatur,
1421 2959 1654 3021 quoniam
1687 2958 1804 3006 hinc
1839 2975 1939 3006 non
1977 2958 2068 3005 sibi
2105 2959 2208 3024 ipse
2241 2956 2435 3006 conficit

287 3048 621 3100 argumentum
657 3048 837 3097 orator,
864 3037 949 3085 sed
983 3037 1257 3101 praeparatis
1289 3034 1554 3102 positisque
1588 3039 1737 3085 utitur
1771 3040 2075 3086 testimoniis.
2101 3057 2123 3083 n
2149 3037 2295 3096 Quod
2317 3053 2431 3084 vero

290 3117 447 3165 dixisti
470 3119 520 3164 in
538 3117 802 3164 rationibus
825 3133 1020 3180 quoque
1044 3116 1375 3165 discernendis
1398 3119 1496 3166 sive
1518 3119 1868 3183 cognoscendis
1888 3134 2241 3183 nonnunquam
2263 3118 2427 3179 errari,

340 3304 407 3336 ¹De
420 3304 490 3344 diff.
509 3302 619 3344 Topic.
633 3326 640 3344 ‚
656 3301 754 3344 opp„
769 3314 805 3346 p.
823 3304 897 3338 871.
