<?xml version="1.0" encoding="UTF-8"?>
<!DOCTYPE html PUBLIC "-//W3C//DTD XHTML 1.0 Transitional//EN"
    "http://www.w3.org/TR/xhtml1/DTD/xhtml1-transitional.dtd">
<html xmlns="http://www.w3.org/1999/xhtml" xml:lang="en" lang="en">
 <head>
  <title>
</title>
<meta http-equiv="Content-Type" content="text/html;charset=utf-8" />
  <meta name='ocr-system' content='tesseract 3.04.00' />
  <meta name='ocr-capabilities' content='ocr_page ocr_carea ocr_par ocr_line ocrx_word'/>
</head>
<body>
  <div class='ocr_page' id='page_1' title='image "./operahactenusseo00abeluoft_0445.png"; bbox 0 0 2638 3866; ppageno 0'>
   <div class='ocr_carea' id='block_1_1' title="bbox 941 230 2388 284">
    <p class='ocr_par' dir='ltr' id='par_1_1' title="bbox 941 230 2388 284">
     <span class='ocr_line' id='line_1_1' title="bbox 941 230 2388 284; baseline 0.005 -7"><span class='ocrx_word' id='word_1_1' title='bbox 941 230 1239 279; x_wconf 82' lang='lat' dir='ltr'>THEOLOG!</span> <span class='ocrx_word' id='word_1_2' title='bbox 1249 232 1283 280; x_wconf 85' lang='grc' dir='ltr'>Α</span> <span class='ocrx_word' id='word_1_3' title='bbox 1320 232 1667 281; x_wconf 80' lang='lat' dir='ltr'>CHRISTlANA</span> <span class='ocrx_word' id='word_1_4' title='bbox 1678 269 1688 279; x_wconf 90' lang='lat'>.</span> <span class='ocrx_word' id='word_1_5' title='bbox 2294 235 2388 284; x_wconf 76' lang='lat'>435</span> 
     </span>
    </p>
   </div>
   <div class='ocr_carea' id='block_1_2' title="bbox 238 332 2398 3141">
    <p class='ocr_par' dir='ltr' id='par_1_2' title="bbox 238 332 2398 3141">
     <span class='ocr_line' id='line_1_2' title="bbox 241 332 2392 402; baseline 0.001 -19"><span class='ocrx_word' id='word_1_6' title='bbox 241 333 498 383; x_wconf 83' lang='lat' dir='ltr'><strong>senectutis</strong></span> <span class='ocrx_word' id='word_1_7' title='bbox 532 332 706 381; x_wconf 85' lang='lat' dir='ltr'>auxilia</span> <span class='ocrx_word' id='word_1_8' title='bbox 742 342 873 393; x_wconf 88' lang='lat' dir='ltr'>sunt,</span> <span class='ocrx_word' id='word_1_9' title='bbox 908 332 1092 379; x_wconf 90' lang='lat' dir='ltr'>nutrire</span> <span class='ocrx_word' id='word_1_10' title='bbox 1120 332 1272 395; x_wconf 91' lang='lat' dir='ltr'>domi,</span> <span class='ocrx_word' id='word_1_11' title='bbox 1300 334 1383 398; x_wconf 91' lang='lat' dir='ltr'>qui</span> <span class='ocrx_word' id='word_1_12' title='bbox 1413 344 1497 382; x_wconf 92' lang='lat' dir='ltr'>aut</span> <span class='ocrx_word' id='word_1_13' title='bbox 1519 342 1565 381; x_wconf 91' lang='lat' dir='ltr'>te</span> <span class='ocrx_word' id='word_1_14' title='bbox 1588 334 1724 399; x_wconf 88' lang='lat' dir='ltr'>prior</span> <span class='ocrx_word' id='word_1_15' title='bbox 1753 334 1875 382; x_wconf 92' lang='lat' dir='ltr'>sorte</span> <span class='ocrx_word' id='word_1_16' title='bbox 1897 336 2149 396; x_wconf 87' lang='lat' dir='ltr'>moriatur,</span> <span class='ocrx_word' id='word_1_17' title='bbox 2179 345 2263 383; x_wconf 91' lang='lat' dir='ltr'>aut</span> <span class='ocrx_word' id='word_1_18' title='bbox 2286 353 2392 402; x_wconf 88' lang='lat' dir='ltr'>per-</span> 
     </span>
     <span class='ocr_line' id='line_1_3' title="bbox 241 412 2394 481; baseline 0 -18"><span class='ocrx_word' id='word_1_19' title='bbox 241 415 390 463; x_wconf 82' lang='lat' dir='ltr'>versis</span> <span class='ocrx_word' id='word_1_20' title='bbox 420 413 638 462; x_wconf 89' lang='lat' dir='ltr'>moribus</span> <span class='ocrx_word' id='word_1_21' title='bbox 667 414 742 476; x_wconf 88' lang='lat' dir='ltr'>sit,</span> <span class='ocrx_word' id='word_1_22' title='bbox 779 422 862 462; x_wconf 89' lang='lat' dir='ltr'>aut</span> <span class='ocrx_word' id='word_1_23' title='bbox 890 422 1018 460; x_wconf 88' lang='lat' dir='ltr'>certe</span> <span class='ocrx_word' id='word_1_24' title='bbox 1050 429 1163 461; x_wconf 90' lang='lat' dir='ltr'>cum</span> <span class='ocrx_word' id='word_1_25' title='bbox 1193 412 1255 461; x_wconf 94' lang='lat' dir='ltr'>ad</span> <span class='ocrx_word' id='word_1_26' title='bbox 1287 424 1525 463; x_wconf 85' lang='lat' dir='ltr'>maturam</span> <span class='ocrx_word' id='word_1_27' title='bbox 1555 424 1741 463; x_wconf 85' lang='lat' dir='ltr'>aetatem</span> <span class='ocrx_word' id='word_1_28' title='bbox 1778 417 2063 481; x_wconf 87' lang='lat' dir='ltr'>pervenerit,</span> <span class='ocrx_word' id='word_1_29' title='bbox 2091 415 2227 465; x_wconf 89' lang='lat' dir='ltr'>tarde</span> <span class='ocrx_word' id='word_1_30' title='bbox 2257 418 2300 464; x_wconf 92' lang='lat' dir='ltr'>ei</span> <span class='ocrx_word' id='word_1_31' title='bbox 2323 419 2394 464; x_wconf 91' lang='lat' dir='ltr'>vi-</span> 
     </span>
     <span class='ocr_line' id='line_1_4' title="bbox 242 492 2395 563; baseline -0 -19"><span class='ocrx_word' id='word_1_32' title='bbox 242 496 398 544; x_wconf 87' lang='lat' dir='ltr'>dearis</span> <span class='ocrx_word' id='word_1_33' title='bbox 424 493 578 543; x_wconf 80' lang='lat' dir='ltr'>mori?</span> <span class='ocrx_word' id='word_1_34' title='bbox 600 492 811 542; x_wconf 79' lang='lat' dir='ltr'>Heredes</span> <span class='ocrx_word' id='word_1_35' title='bbox 832 502 993 541; x_wconf 83' lang='lat' dir='ltr'>autem</span> <span class='ocrx_word' id='word_1_36' title='bbox 1018 493 1239 541; x_wconf 91' lang='lat' dir='ltr'>meliores</span> <span class='ocrx_word' id='word_1_37' title='bbox 1259 503 1308 543; x_wconf 89' lang='lat' dir='ltr'>ct</span> <span class='ocrx_word' id='word_1_38' title='bbox 1333 495 1561 543; x_wconf 79' lang='lat' dir='ltr'>certiores</span> <span class='ocrx_word' id='word_1_39' title='bbox 1582 506 1695 544; x_wconf 86' lang='lat' dir='ltr'>sunt</span> <span class='ocrx_word' id='word_1_40' title='bbox 1717 496 1857 544; x_wconf 91' lang='lat' dir='ltr'>amici</span> <span class='ocrx_word' id='word_1_41' title='bbox 1886 507 1933 544; x_wconf 88' lang='lat' dir='ltr'>et</span> <span class='ocrx_word' id='word_1_42' title='bbox 1963 498 2244 563; x_wconf 90' lang='lat' dir='ltr'>propinqui,</span> <span class='ocrx_word' id='word_1_43' title='bbox 2271 514 2395 562; x_wconf 83' lang='lat' dir='ltr'>quos</span> 
     </span>
     <span class='ocr_line' id='line_1_5' title="bbox 238 573 2391 641; baseline 0 -17"><span class='ocrx_word' id='word_1_44' title='bbox 238 576 420 641; x_wconf 89' lang='lat' dir='ltr'>judicio</span> <span class='ocrx_word' id='word_1_45' title='bbox 443 576 605 640; x_wconf 82' lang='lat' dir='ltr'>eligas,</span> <span class='ocrx_word' id='word_1_46' title='bbox 634 583 782 639; x_wconf 87' lang='lat' dir='ltr'>quam</span> <span class='ocrx_word' id='word_1_47' title='bbox 820 590 945 639; x_wconf 91' lang='lat' dir='ltr'>quos</span> <span class='ocrx_word' id='word_1_48' title='bbox 966 573 1083 621; x_wconf 88' lang='lat' dir='ltr'>velis</span> <span class='ocrx_word' id='word_1_49' title='bbox 1117 574 1243 622; x_wconf 91' lang='lat' dir='ltr'>nolis</span> <span class='ocrx_word' id='word_1_50' title='bbox 1274 574 1454 624; x_wconf 90' lang='lat' dir='ltr'>babere</span> <span class='ocrx_word' id='word_1_51' title='bbox 1485 577 1687 640; x_wconf 89' lang='lat' dir='ltr'>cogaris.</span> <span class='ocrx_word' id='word_1_52' title='bbox 1718 577 1846 624; x_wconf 84' lang='lat' dir='ltr'>Licet</span> <span class='ocrx_word' id='word_1_53' title='bbox 1874 578 2049 625; x_wconf 80' lang='lat' dir='ltr'>certior</span> <span class='ocrx_word' id='word_1_54' title='bbox 2072 578 2314 627; x_wconf 85' lang='lat' dir='ltr'>hereditas</span> <span class='ocrx_word' id='word_1_55' title='bbox 2333 579 2391 626; x_wconf 88' lang='lat' dir='ltr'>sit</span> 
     </span>
     <span class='ocr_line' id='line_1_6' title="bbox 241 654 2393 723; baseline 0.001 -18"><span class='ocrx_word' id='word_1_56' title='bbox 241 657 360 705; x_wconf 93' lang='lat' dir='ltr'>dum</span> <span class='ocrx_word' id='word_1_57' title='bbox 386 656 568 705; x_wconf 85' lang='lat' dir='ltr'>advivis</span> <span class='ocrx_word' id='word_1_58' title='bbox 591 656 713 704; x_wconf 89' lang='lat' dir='ltr'>bene</span> <span class='ocrx_word' id='word_1_59' title='bbox 735 656 806 703; x_wconf 91' lang='lat' dir='ltr'>uti</span> <span class='ocrx_word' id='word_1_60' title='bbox 836 654 1099 703; x_wconf 89' lang='lat' dir='ltr'>substantia</span> <span class='ocrx_word' id='word_1_61' title='bbox 1133 665 1231 715; x_wconf 86' lang='lat' dir='ltr'>tua,</span> <span class='ocrx_word' id='word_1_62' title='bbox 1259 672 1408 720; x_wconf 89' lang='lat' dir='ltr'>quam</span> <span class='ocrx_word' id='word_1_63' title='bbox 1436 667 1522 706; x_wconf 87' lang='lat' dir='ltr'>tuo</span> <span class='ocrx_word' id='word_1_64' title='bbox 1557 657 1725 706; x_wconf 88' lang='lat' dir='ltr'>labore</span> <span class='ocrx_word' id='word_1_65' title='bbox 1749 660 1945 723; x_wconf 84' lang='lat' dir='ltr'>quaesita</span> <span class='ocrx_word' id='word_1_66' title='bbox 1967 660 2016 706; x_wconf 93' lang='lat' dir='ltr'>in</span> <span class='ocrx_word' id='word_1_67' title='bbox 2043 660 2393 708; x_wconf 86' lang='lat' dir='ltr'>incertos.usus</span> 
     </span>
     <span class='ocr_line' id='line_1_7' title="bbox 242 736 2387 805; baseline 0.002 -20"><span class='ocrx_word' id='word_1_68' title='bbox 242 738 532 803; x_wconf 86' lang='lat' dir='ltr'>relinquere.</span> <span class='ocrx_word' id='word_1_69' title='bbox 559 757 582 782; x_wconf 83' lang='lat'>»</span> <span class='ocrx_word' id='word_1_70' title='bbox 625 740 869 785; x_wconf 84' lang='lat' dir='ltr'>Hactenus</span> <span class='ocrx_word' id='word_1_71' title='bbox 904 736 1098 802; x_wconf 92' lang='lat' dir='ltr'>quidem</span> <span class='ocrx_word' id='word_1_72' title='bbox 1132 736 1516 802; x_wconf 84' lang='lat' dir='ltr'>Theophrastus,</span> <span class='ocrx_word' id='word_1_73' title='bbox 1557 739 1733 787; x_wconf 91' lang='lat' dir='ltr'>deinde</span> <span class='ocrx_word' id='word_1_74' title='bbox 1775 740 2098 805; x_wconf 86' lang='lat' dir='ltr'>Hieronymus</span> <span class='ocrx_word' id='word_1_75' title='bbox 2138 759 2149 787; x_wconf 79' lang='lat' dir='ltr'><em>z</em></span> <span class='ocrx_word' id='word_1_76' title='bbox 2201 761 2223 785; x_wconf 77' lang='grc' dir='ltr'>α</span> <span class='ocrx_word' id='word_1_77' title='bbox 2245 743 2355 789; x_wconf 84' lang='lat' dir='ltr'>Haec</span> <span class='ocrx_word' id='word_1_78' title='bbox 2375 780 2387 802; x_wconf 93' lang='lat'>,</span> 
     </span>
     <span class='ocr_line' id='line_1_8' title="bbox 242 817 2390 884; baseline 0.001 -18"><span class='ocrx_word' id='word_1_79' title='bbox 242 819 428 884; x_wconf 89' lang='lat' dir='ltr'>inquit,</span> <span class='ocrx_word' id='word_1_80' title='bbox 460 828 507 866; x_wconf 88' lang='lat' dir='ltr'>ct</span> <span class='ocrx_word' id='word_1_81' title='bbox 528 817 813 882; x_wconf 75' lang='lat' dir='ltr'>huJusmodi</span> <span class='ocrx_word' id='word_1_82' title='bbox 835 817 1193 883; x_wconf 87' lang='lat' dir='ltr'>Theophrastus</span> <span class='ocrx_word' id='word_1_83' title='bbox 1220 818 1487 880; x_wconf 90' lang='lat' dir='ltr'>disserens,</span> <span class='ocrx_word' id='word_1_84' title='bbox 1525 837 1670 884; x_wconf 90' lang='lat' dir='ltr'>quem</span> <span class='ocrx_word' id='word_1_85' title='bbox 1704 837 1802 868; x_wconf 93' lang='lat' dir='ltr'>non</span> <span class='ocrx_word' id='word_1_86' title='bbox 1838 821 2086 868; x_wconf 80' lang='lat' dir='ltr'>suffundat</span> <span class='ocrx_word' id='word_1_87' title='bbox 2106 821 2390 869; x_wconf 85' lang='lat' dir='ltr'>christiano-</span> 
     </span>
     <span class='ocr_line' id='line_1_9' title="bbox 242 898 2393 966; baseline 0.001 -20"><span class='ocrx_word' id='word_1_88' title='bbox 242 916 377 961; x_wconf 88' lang='lat' dir='ltr'>rum,</span> <span class='ocrx_word' id='word_1_89' title='bbox 415 916 624 964; x_wconf 88' lang='lat' dir='ltr'>quorum</span> <span class='ocrx_word' id='word_1_90' title='bbox 657 900 962 948; x_wconf 90' lang='lat' dir='ltr'>conversatio</span> <span class='ocrx_word' id='word_1_91' title='bbox 1001 899 1050 946; x_wconf 92' lang='lat' dir='ltr'>in</span> <span class='ocrx_word' id='word_1_92' title='bbox 1084 898 1215 947; x_wconf 89' lang='lat' dir='ltr'>coelis</span> <span class='ocrx_word' id='word_1_93' title='bbox 1241 909 1329 960; x_wconf 91' lang='lat' dir='ltr'>est,</span> <span class='ocrx_word' id='word_1_94' title='bbox 1369 900 1453 964; x_wconf 91' lang='lat' dir='ltr'>qui</span> <span class='ocrx_word' id='word_1_95' title='bbox 1481 900 1698 964; x_wconf 88' lang='lat' dir='ltr'>quotidie</span> <span class='ocrx_word' id='word_1_96' title='bbox 1730 900 1920 949; x_wconf 87' lang='lat' dir='ltr'>dicunt¹</span> <span class='ocrx_word' id='word_1_97' title='bbox 1953 919 1964 947; x_wconf 93' lang='lat'>:</span> <span class='ocrx_word' id='word_1_98' title='bbox 1994 904 2165 966; x_wconf 86' lang='lat' dir='ltr'>«Opto</span> <span class='ocrx_word' id='word_1_99' title='bbox 2199 901 2393 949; x_wconf 81' lang='lat' dir='ltr'>dissolvi</span> 
     </span>
     <span class='ocr_line' id='line_1_10' title="bbox 246 979 2392 1047; baseline 0.002 -22"><span class='ocrx_word' id='word_1_100' title='bbox 246 1000 268 1024; x_wconf 77' lang='lat' dir='ltr'>a</span> <span class='ocrx_word' id='word_1_101' title='bbox 290 990 338 1028; x_wconf 91' lang='lat' dir='ltr'>et</span> <span class='ocrx_word' id='word_1_102' title='bbox 359 997 461 1028; x_wconf 93' lang='lat' dir='ltr'>esse</span> <span class='ocrx_word' id='word_1_103' title='bbox 480 996 593 1028; x_wconf 86' lang='lat' dir='ltr'>cum</span> <span class='ocrx_word' id='word_1_104' title='bbox 613 980 841 1028; x_wconf 84' lang='lat' dir='ltr'>Christo?</span> <span class='ocrx_word' id='word_1_105' title='bbox 859 1000 883 1026; x_wconf 88' lang='lat'>»</span> <span class='ocrx_word' id='word_1_106' title='bbox 915 979 1153 1028; x_wconf 90' lang='lat' dir='ltr'>Heredem</span> <span class='ocrx_word' id='word_1_107' title='bbox 1178 981 1408 1028; x_wconf 91' lang='lat' dir='ltr'>nimirum</span> <span class='ocrx_word' id='word_1_108' title='bbox 1432 981 1742 1039; x_wconf 85' lang='lat' dir='ltr'>desiderabit,</span> <span class='ocrx_word' id='word_1_109' title='bbox 1769 981 2033 1030; x_wconf 88' lang='lat' dir='ltr'>liberorum</span> <span class='ocrx_word' id='word_1_110' title='bbox 2060 992 2392 1047; x_wconf 85' lang='lat' dir='ltr'>nepotumque</span> 
     </span>
     <span class='ocr_line' id='line_1_11' title="bbox 242 1061 2392 1128; baseline 0 -20"><span class='ocrx_word' id='word_1_111' title='bbox 242 1061 362 1109; x_wconf 89' lang='lat' dir='ltr'>serie</span> <span class='ocrx_word' id='word_1_112' title='bbox 401 1061 735 1122; x_wconf 83' lang='lat' dir='ltr'>delectabitur,</span> <span class='ocrx_word' id='word_1_113' title='bbox 774 1078 900 1127; x_wconf 90' lang='lat' dir='ltr'>quos</span> <span class='ocrx_word' id='word_1_114' title='bbox 935 1061 1134 1109; x_wconf 85' lang='lat' dir='ltr'>forsitan</span> <span class='ocrx_word' id='word_1_115' title='bbox 1183 1062 1243 1109; x_wconf 88' lang='lat' dir='ltr'>sit</span> <span class='ocrx_word' id='word_1_116' title='bbox 1281 1072 1603 1127; x_wconf 87' lang='lat' dir='ltr'>occupaturus</span> <span class='ocrx_word' id='word_1_117' title='bbox 1644 1062 1985 1123; x_wconf 83' lang='lat' dir='ltr'>Antichristus,</span> <span class='ocrx_word' id='word_1_118' title='bbox 2028 1080 2139 1110; x_wconf 91' lang='lat' dir='ltr'>cum</span> <span class='ocrx_word' id='word_1_119' title='bbox 2177 1063 2392 1128; x_wconf 87' lang='lat' dir='ltr'>legamus</span> 
     </span>
     <span class='ocr_line' id='line_1_12' title="bbox 244 1142 2394 1209; baseline 0.001 -20"><span class='ocrx_word' id='word_1_120' title='bbox 244 1145 441 1206; x_wconf 89' lang='lat' dir='ltr'>Moysen</span> <span class='ocrx_word' id='word_1_121' title='bbox 467 1152 514 1190; x_wconf 87' lang='lat' dir='ltr'>et</span> <span class='ocrx_word' id='word_1_122' title='bbox 537 1143 811 1190; x_wconf 88' lang='lat' dir='ltr'>Samuelem</span> <span class='ocrx_word' id='word_1_123' title='bbox 834 1142 941 1191; x_wconf 86' lang='lat' dir='ltr'>filiis</span> <span class='ocrx_word' id='word_1_124' title='bbox 965 1143 1064 1190; x_wconf 92' lang='lat' dir='ltr'>suis</span> <span class='ocrx_word' id='word_1_125' title='bbox 1089 1143 1208 1191; x_wconf 89' lang='lat' dir='ltr'>alios</span> <span class='ocrx_word' id='word_1_126' title='bbox 1237 1143 1522 1208; x_wconf 80' lang='lat' dir='ltr'>praetulisse,</span> <span class='ocrx_word' id='word_1_127' title='bbox 1547 1160 1638 1192; x_wconf 91' lang='lat' dir='ltr'>nec</span> <span class='ocrx_word' id='word_1_128' title='bbox 1668 1153 1861 1209; x_wconf 89' lang='lat' dir='ltr'>putasse</span> <span class='ocrx_word' id='word_1_129' title='bbox 1882 1144 2079 1203; x_wconf 92' lang='lat' dir='ltr'>liberos,</span> <span class='ocrx_word' id='word_1_130' title='bbox 2110 1161 2233 1208; x_wconf 89' lang='lat' dir='ltr'>quos</span> <span class='ocrx_word' id='word_1_131' title='bbox 2262 1145 2394 1192; x_wconf 85' lang='lat' dir='ltr'>vide-</span> 
     </span>
     <span class='ocr_line' id='line_1_13' title="bbox 242 1223 2395 1291; baseline 0.001 -21"><span class='ocrx_word' id='word_1_132' title='bbox 242 1223 361 1271; x_wconf 86' lang='lat' dir='ltr'>bant</span> <span class='ocrx_word' id='word_1_133' title='bbox 383 1225 598 1272; x_wconf 91' lang='lat' dir='ltr'>Domino</span> <span class='ocrx_word' id='word_1_134' title='bbox 635 1224 905 1290; x_wconf 88' lang='lat' dir='ltr'>displicere.</span> <span class='ocrx_word' id='word_1_135' title='bbox 934 1243 956 1270; x_wconf 88' lang='lat'>&gt;›</span> <span class='ocrx_word' id='word_1_136' title='bbox 983 1224 1117 1272; x_wconf 91' lang='lat' dir='ltr'>ldem</span> <span class='ocrx_word' id='word_1_137' title='bbox 1149 1225 1199 1271; x_wconf 94' lang='lat' dir='ltr'>in</span> <span class='ocrx_word' id='word_1_138' title='bbox 1230 1224 1405 1272; x_wconf 90' lang='lat' dir='ltr'>eodem</span> <span class='ocrx_word' id='word_1_139' title='bbox 1434 1244 1444 1273; x_wconf 72' lang='grc' dir='ltr'><strong><em>ε</em></strong></span> <span class='ocrx_word' id='word_1_140' title='bbox 1478 1226 1683 1274; x_wconf 78' lang='lat' dir='ltr'>«Cicero</span> <span class='ocrx_word' id='word_1_141' title='bbox 1706 1236 1902 1290; x_wconf 84' lang='lat' dir='ltr'>rogatus</span> <span class='ocrx_word' id='word_1_142' title='bbox 1926 1226 1987 1274; x_wconf 86' lang='lat' dir='ltr'>ab</span> <span class='ocrx_word' id='word_1_143' title='bbox 2011 1226 2180 1287; x_wconf 86' lang='lat' dir='ltr'>Hirtio,</span> <span class='ocrx_word' id='word_1_144' title='bbox 2210 1236 2261 1273; x_wconf 91' lang='lat' dir='ltr'>ut</span> <span class='ocrx_word' id='word_1_145' title='bbox 2285 1236 2395 1291; x_wconf 91' lang='lat' dir='ltr'>post</span> 
     </span>
     <span class='ocr_line' id='line_1_14' title="bbox 242 1304 2392 1372; baseline 0.001 -21"><span class='ocrx_word' id='word_1_146' title='bbox 242 1305 499 1370; x_wconf 89' lang='lat' dir='ltr'>repudium</span> <span class='ocrx_word' id='word_1_147' title='bbox 533 1306 787 1367; x_wconf 82' lang='lat' dir='ltr'>Terentiae,</span> <span class='ocrx_word' id='word_1_148' title='bbox 822 1323 1039 1354; x_wconf 86' lang='lat' dir='ltr'>sororem</span> <span class='ocrx_word' id='word_1_149' title='bbox 1073 1306 1174 1369; x_wconf 86' lang='lat' dir='ltr'>ejus</span> <span class='ocrx_word' id='word_1_150' title='bbox 1206 1304 1430 1366; x_wconf 90' lang='lat' dir='ltr'>duceret,</span> <span class='ocrx_word' id='word_1_151' title='bbox 1467 1307 1670 1354; x_wconf 89' lang='lat' dir='ltr'>omnino</span> <span class='ocrx_word' id='word_1_152' title='bbox 1707 1307 1862 1354; x_wconf 91' lang='lat' dir='ltr'>facere</span> <span class='ocrx_word' id='word_1_153' title='bbox 1900 1306 2194 1372; x_wconf 88' lang='lat' dir='ltr'>supersedit,</span> <span class='ocrx_word' id='word_1_154' title='bbox 2227 1307 2392 1354; x_wconf 91' lang='lat' dir='ltr'>dicens</span> 
     </span>
     <span class='ocr_line' id='line_1_15' title="bbox 241 1387 2394 1454; baseline 0 -21"><span class='ocrx_word' id='word_1_155' title='bbox 241 1402 342 1432; x_wconf 90' lang='lat' dir='ltr'>non</span> <span class='ocrx_word' id='word_1_156' title='bbox 362 1403 505 1451; x_wconf 89' lang='lat' dir='ltr'>posse</span> <span class='ocrx_word' id='word_1_157' title='bbox 527 1404 577 1434; x_wconf 99' lang='grc'>56</span> <span class='ocrx_word' id='word_1_158' title='bbox 597 1396 645 1434; x_wconf 90' lang='lat' dir='ltr'>et</span> <span class='ocrx_word' id='word_1_159' title='bbox 666 1387 805 1434; x_wconf 87' lang='lat' dir='ltr'>uxori</span> <span class='ocrx_word' id='word_1_160' title='bbox 825 1397 872 1434; x_wconf 87' lang='lat' dir='ltr'>et</span> <span class='ocrx_word' id='word_1_161' title='bbox 891 1387 1208 1452; x_wconf 85' lang='lat' dir='ltr'>philosophiae</span> <span class='ocrx_word' id='word_1_162' title='bbox 1225 1404 1426 1452; x_wconf 89' lang='lat' dir='ltr'>operam</span> <span class='ocrx_word' id='word_1_163' title='bbox 1442 1389 1620 1454; x_wconf 88' lang='lat' dir='ltr'>pariter</span> <span class='ocrx_word' id='word_1_164' title='bbox 1635 1387 1766 1436; x_wconf 88' lang='lat' dir='ltr'>dare.</span> <span class='ocrx_word' id='word_1_165' title='bbox 1795 1409 1818 1432; x_wconf 87' lang='lat'>&gt;›</span> <span class='ocrx_word' id='word_1_166' title='bbox 1846 1391 1965 1436; x_wconf 91' lang='lat' dir='ltr'>ltem</span> <span class='ocrx_word' id='word_1_167' title='bbox 1989 1389 2119 1436; x_wconf 90' lang='lat' dir='ltr'>idem</span> <span class='ocrx_word' id='word_1_168' title='bbox 2148 1407 2158 1436; x_wconf 93' lang='lat'><strong>:</strong></span> <span class='ocrx_word' id='word_1_169' title='bbox 2185 1387 2394 1435; x_wconf 85' lang='lat' dir='ltr'>«Scribit</span> 
     </span>
     <span class='ocr_line' id='line_1_16' title="bbox 242 1467 2394 1534; baseline 0.001 -21"><span class='ocrx_word' id='word_1_170' title='bbox 242 1467 518 1516; x_wconf 89' lang='lat' dir='ltr'>Herodotus</span> <span class='ocrx_word' id='word_1_171' title='bbox 543 1468 678 1534; x_wconf 91' lang='lat' dir='ltr'>quod</span> <span class='ocrx_word' id='word_1_172' title='bbox 701 1468 874 1516; x_wconf 90' lang='lat' dir='ltr'>mulier</span> <span class='ocrx_word' id='word_1_173' title='bbox 897 1484 1010 1516; x_wconf 92' lang='lat' dir='ltr'>cum</span> <span class='ocrx_word' id='word_1_174' title='bbox 1042 1478 1174 1515; x_wconf 87' lang='lat' dir='ltr'>veste</span> <span class='ocrx_word' id='word_1_175' title='bbox 1197 1467 1411 1532; x_wconf 90' lang='lat' dir='ltr'>deponat</span> <span class='ocrx_word' id='word_1_176' title='bbox 1445 1478 1493 1516; x_wconf 87' lang='lat' dir='ltr'>et</span> <span class='ocrx_word' id='word_1_177' title='bbox 1514 1469 1882 1531; x_wconf 82' lang='lat' dir='ltr'>verecundiam3</span> <span class='ocrx_word' id='word_1_178' title='bbox 1915 1479 1963 1517; x_wconf 90' lang='lat' dir='ltr'>et</span> <span class='ocrx_word' id='word_1_179' title='bbox 1985 1479 2147 1517; x_wconf 89' lang='lat' dir='ltr'>noster</span> <span class='ocrx_word' id='word_1_180' title='bbox 2170 1469 2394 1516; x_wconf 91' lang='lat' dir='ltr'>Comicus</span> 
     </span>
     <span class='ocr_line' id='line_1_17' title="bbox 242 1546 2394 1615; baseline 0.001 -21"><span class='ocrx_word' id='word_1_181' title='bbox 242 1546 539 1596; x_wconf 89' lang='lat' dir='ltr'>fortunatum</span> <span class='ocrx_word' id='word_1_182' title='bbox 568 1559 707 1615; x_wconf 89' lang='lat' dir='ltr'>putat</span> <span class='ocrx_word' id='word_1_183' title='bbox 737 1551 821 1614; x_wconf 90' lang='lat' dir='ltr'>qui</span> <span class='ocrx_word' id='word_1_184' title='bbox 858 1566 1059 1597; x_wconf 88' lang='lat' dir='ltr'>uxorem</span> <span class='ocrx_word' id='word_1_185' title='bbox 1089 1566 1359 1613; x_wconf 79' lang='lat' dir='ltr'>numquam</span> <span class='ocrx_word' id='word_1_186' title='bbox 1381 1549 1588 1597; x_wconf 89' lang='lat' dir='ltr'>duxerit.</span> <span class='ocrx_word' id='word_1_187' title='bbox 1623 1551 1859 1615; x_wconf 87' lang='lat' dir='ltr'>Epicurus</span> <span class='ocrx_word' id='word_1_188' title='bbox 1893 1549 2153 1615; x_wconf 85' lang='lat' dir='ltr'>voluptatis</span> <span class='ocrx_word' id='word_1_189' title='bbox 2186 1559 2394 1597; x_wconf 87' lang='lat' dir='ltr'>assertor</span> 
     </span>
     <span class='ocr_line' id='line_1_18' title="bbox 242 1629 2396 1696; baseline 0.001 -22"><span class='ocrx_word' id='word_1_190' title='bbox 242 1644 352 1676; x_wconf 90' lang='lat' dir='ltr'>raro</span> <span class='ocrx_word' id='word_1_191' title='bbox 391 1629 508 1677; x_wconf 91' lang='lat' dir='ltr'>dicit</span> <span class='ocrx_word' id='word_1_192' title='bbox 554 1632 761 1696; x_wconf 89' lang='lat' dir='ltr'>sapienti</span> <span class='ocrx_word' id='word_1_193' title='bbox 795 1630 1011 1679; x_wconf 87' lang='lat' dir='ltr'>ineunda</span> <span class='ocrx_word' id='word_1_194' title='bbox 1050 1630 1300 1695; x_wconf 85' lang='lat' dir='ltr'>conjugia,</span> <span class='ocrx_word' id='word_1_195' title='bbox 1342 1631 1457 1695; x_wconf 89' lang='lat' dir='ltr'>quia</span> <span class='ocrx_word' id='word_1_196' title='bbox 1496 1631 1650 1679; x_wconf 89' lang='lat' dir='ltr'>multa</span> <span class='ocrx_word' id='word_1_197' title='bbox 1683 1630 1997 1678; x_wconf 90' lang='lat' dir='ltr'>incommoda</span> <span class='ocrx_word' id='word_1_198' title='bbox 2039 1630 2250 1678; x_wconf 83' lang='lat' dir='ltr'>admixta</span> <span class='ocrx_word' id='word_1_199' title='bbox 2283 1640 2396 1677; x_wconf 87' lang='lat' dir='ltr'>sunt</span> 
     </span>
     <span class='ocr_line' id='line_1_19' title="bbox 242 1710 2394 1774; baseline 0.001 -19"><span class='ocrx_word' id='word_1_200' title='bbox 242 1710 439 1774; x_wconf 82' lang='lat' dir='ltr'>nuptiiS.</span> <span class='ocrx_word' id='word_1_201' title='bbox 459 1730 482 1754; x_wconf 81' lang='lat'>»</span> <span class='ocrx_word' id='word_1_202' title='bbox 508 1714 700 1769; x_wconf 90' lang='lat' dir='ltr'>Quanta</span> <span class='ocrx_word' id='word_1_203' title='bbox 732 1712 877 1759; x_wconf 90' lang='lat' dir='ltr'>etiam</span> <span class='ocrx_word' id='word_1_204' title='bbox 917 1728 1034 1759; x_wconf 87' lang='lat' dir='ltr'>cura</span> <span class='ocrx_word' id='word_1_205' title='bbox 1068 1712 1295 1759; x_wconf 88' lang='lat' dir='ltr'>honestas</span> <span class='ocrx_word' id='word_1_206' title='bbox 1315 1711 1578 1759; x_wconf 91' lang='lat' dir='ltr'>Gentilium</span> <span class='ocrx_word' id='word_1_207' title='bbox 1613 1728 1714 1758; x_wconf 92' lang='lat' dir='ltr'>non</span> <span class='ocrx_word' id='word_1_208' title='bbox 1751 1710 1912 1760; x_wconf 88' lang='lat' dir='ltr'>solum</span> <span class='ocrx_word' id='word_1_209' title='bbox 1945 1711 2192 1758; x_wconf 88' lang='lat' dir='ltr'>actionum</span> <span class='ocrx_word' id='word_1_210' title='bbox 2226 1727 2394 1758; x_wconf 84' lang='lat' dir='ltr'>verum</span> 
     </span>
     <span class='ocr_line' id='line_1_20' title="bbox 243 1789 2394 1858; baseline 0.001 -21"><span class='ocrx_word' id='word_1_211' title='bbox 243 1789 389 1838; x_wconf 89' lang='lat' dir='ltr'>etiam</span> <span class='ocrx_word' id='word_1_212' title='bbox 430 1792 761 1856; x_wconf 90' lang='lat' dir='ltr'>suspicionum</span> <span class='ocrx_word' id='word_1_213' title='bbox 788 1792 1115 1858; x_wconf 88' lang='lat' dir='ltr'>turpitudines</span> <span class='ocrx_word' id='word_1_214' title='bbox 1146 1792 1367 1851; x_wconf 88' lang='lat' dir='ltr'>evitaret,</span> <span class='ocrx_word' id='word_1_215' title='bbox 1404 1791 1550 1840; x_wconf 89' lang='lat' dir='ltr'>docet</span> <span class='ocrx_word' id='word_1_216' title='bbox 1580 1791 1797 1840; x_wconf 89' lang='lat' dir='ltr'>Valerius</span> <span class='ocrx_word' id='word_1_217' title='bbox 1830 1792 2063 1840; x_wconf 85' lang='lat' dir='ltr'>Maximus</span> <span class='ocrx_word' id='word_1_218' title='bbox 2097 1791 2158 1839; x_wconf 93' lang='lat' dir='ltr'>de</span> <span class='ocrx_word' id='word_1_219' title='bbox 2182 1791 2394 1856; x_wconf 89' lang='lat' dir='ltr'>quodam</span> 
     </span>
     <span class='ocr_line' id='line_1_21' title="bbox 241 1869 2398 1938; baseline 0.001 -21"><span class='ocrx_word' id='word_1_220' title='bbox 241 1869 547 1919; x_wconf 90' lang='lat' dir='ltr'>adolescente</span> <span class='ocrx_word' id='word_1_221' title='bbox 578 1873 644 1920; x_wconf 91' lang='lat' dir='ltr'>ita</span> <span class='ocrx_word' id='word_1_222' title='bbox 675 1873 907 1920; x_wconf 71' lang='lat' dir='ltr'>scribens&#39;</span> <span class='ocrx_word' id='word_1_223' title='bbox 935 1891 945 1919; x_wconf 71' lang='grc' dir='ltr'><strong>ε</strong></span> <span class='ocrx_word' id='word_1_224' title='bbox 984 1894 1006 1917; x_wconf 78' lang='grc' dir='ltr'>κ</span> <span class='ocrx_word' id='word_1_225' title='bbox 1025 1873 1235 1938; x_wconf 87' lang='lat' dir='ltr'>Spurina</span> <span class='ocrx_word' id='word_1_226' title='bbox 1266 1873 1545 1920; x_wconf 87' lang='lat' dir='ltr'>adolescens</span> <span class='ocrx_word' id='word_1_227' title='bbox 1575 1872 1851 1920; x_wconf 88' lang='lat' dir='ltr'>excellentis</span> <span class='ocrx_word' id='word_1_228' title='bbox 1879 1872 2251 1938; x_wconf 86' lang='lat' dir='ltr'>pulchritudinis</span> <span class='ocrx_word' id='word_1_229' title='bbox 2285 1888 2398 1919; x_wconf 91' lang='lat' dir='ltr'>cum</span> 
     </span>
     <span class='ocr_line' id='line_1_22' title="bbox 241 1951 2395 2018; baseline 0 -20"><span class='ocrx_word' id='word_1_230' title='bbox 241 1951 369 2000; x_wconf 85' lang='lat' dir='ltr'>mira</span> <span class='ocrx_word' id='word_1_231' title='bbox 393 1953 551 2018; x_wconf 91' lang='lat' dir='ltr'>specie</span> <span class='ocrx_word' id='word_1_232' title='bbox 573 1954 861 2002; x_wconf 88' lang='lat' dir='ltr'>feminarum</span> <span class='ocrx_word' id='word_1_233' title='bbox 884 1955 1143 2002; x_wconf 89' lang='lat' dir='ltr'>illustrium</span> <span class='ocrx_word' id='word_1_234' title='bbox 1166 1954 1443 2002; x_wconf 91' lang='lat' dir='ltr'>sollicitaret</span> <span class='ocrx_word' id='word_1_235' title='bbox 1466 1954 1652 2013; x_wconf 91' lang='lat' dir='ltr'>oculos,</span> <span class='ocrx_word' id='word_1_236' title='bbox 1678 1954 1888 2018; x_wconf 89' lang='lat' dir='ltr'>ideoque</span> <span class='ocrx_word' id='word_1_237' title='bbox 1907 1954 2023 2002; x_wconf 89' lang='lat' dir='ltr'>viris</span> <span class='ocrx_word' id='word_1_238' title='bbox 2047 1964 2094 2001; x_wconf 90' lang='lat' dir='ltr'>et</span> <span class='ocrx_word' id='word_1_239' title='bbox 2115 1953 2395 2018; x_wconf 88' lang='lat' dir='ltr'>parentibus</span> 
     </span>
     <span class='ocr_line' id='line_1_23' title="bbox 243 2034 2395 2100; baseline 0 -21"><span class='ocrx_word' id='word_1_240' title='bbox 243 2047 409 2080; x_wconf 88' lang='lat' dir='ltr'>earum</span> <span class='ocrx_word' id='word_1_241' title='bbox 449 2050 499 2081; x_wconf 92' lang='lat' dir='ltr'>se</span> <span class='ocrx_word' id='word_1_242' title='bbox 532 2045 811 2100; x_wconf 85' lang='lat' dir='ltr'>suspectum</span> <span class='ocrx_word' id='word_1_243' title='bbox 841 2051 944 2082; x_wconf 90' lang='lat' dir='ltr'>esse</span> <span class='ocrx_word' id='word_1_244' title='bbox 981 2036 1195 2096; x_wconf 88' lang='lat' dir='ltr'>sentiret,</span> <span class='ocrx_word' id='word_1_245' title='bbox 1228 2035 1326 2082; x_wconf 89' lang='lat' dir='ltr'>oris</span> <span class='ocrx_word' id='word_1_246' title='bbox 1358 2035 1587 2083; x_wconf 89' lang='lat' dir='ltr'>decorem</span> <span class='ocrx_word' id='word_1_247' title='bbox 1625 2034 1902 2081; x_wconf 88' lang='lat' dir='ltr'>vulneribus</span> <span class='ocrx_word' id='word_1_248' title='bbox 1932 2034 2169 2094; x_wconf 88' lang='lat' dir='ltr'>confodit,</span> <span class='ocrx_word' id='word_1_249' title='bbox 2202 2055 2225 2078; x_wconf 84' lang='grc'>»</span> <span class='ocrx_word' id='word_1_250' title='bbox 2263 2034 2395 2082; x_wconf 88' lang='lat' dir='ltr'>sactis</span> 
     </span>
     <span class='ocr_line' id='line_1_24' title="bbox 243 2112 2392 2181; baseline 0 -23"><span class='ocrx_word' id='word_1_251' title='bbox 243 2112 387 2160; x_wconf 89' lang='lat' dir='ltr'>etiam</span> <span class='ocrx_word' id='word_1_252' title='bbox 423 2114 538 2179; x_wconf 89' lang='lat' dir='ltr'>ipsis</span> <span class='ocrx_word' id='word_1_253' title='bbox 573 2115 636 2162; x_wconf 90' lang='lat' dir='ltr'>ad</span> <span class='ocrx_word' id='word_1_254' title='bbox 671 2115 791 2162; x_wconf 90' lang='lat' dir='ltr'>illud</span> <span class='ocrx_word' id='word_1_255' title='bbox 825 2132 915 2163; x_wconf 89' lang='lat' dir='ltr'>nos</span> <span class='ocrx_word' id='word_1_256' title='bbox 952 2116 1180 2181; x_wconf 88' lang='lat' dir='ltr'>sapientis</span> <span class='ocrx_word' id='word_1_257' title='bbox 1217 2116 1425 2164; x_wconf 84' lang='lat' dir='ltr'>maxime</span> <span class='ocrx_word' id='word_1_258' title='bbox 1453 2115 1764 2175; x_wconf 88' lang='lat' dir='ltr'>adhortatus,</span> <span class='ocrx_word' id='word_1_259' title='bbox 1799 2114 1861 2162; x_wconf 90' lang='lat' dir='ltr'>de</span> <span class='ocrx_word' id='word_1_260' title='bbox 1889 2131 1989 2178; x_wconf 88' lang='lat' dir='ltr'>quo</span> <span class='ocrx_word' id='word_1_261' title='bbox 2014 2116 2246 2179; x_wconf 90' lang='lat' dir='ltr'>scriptum</span> <span class='ocrx_word' id='word_1_262' title='bbox 2277 2115 2392 2173; x_wconf 81' lang='lat' dir='ltr'>est³,</span> 
     </span>
     <span class='ocr_line' id='line_1_25' title="bbox 245 2190 2396 2258; baseline 0.001 -23"><span class='ocrx_word' id='word_1_263' title='bbox 245 2208 269 2234; x_wconf 72' lang='lat' dir='ltr'>u</span> <span class='ocrx_word' id='word_1_264' title='bbox 291 2190 460 2238; x_wconf 88' lang='lat' dir='ltr'>Melius</span> <span class='ocrx_word' id='word_1_265' title='bbox 500 2203 571 2240; x_wconf 89' lang='lat' dir='ltr'>est</span> <span class='ocrx_word' id='word_1_266' title='bbox 612 2210 794 2240; x_wconf 88' lang='lat' dir='ltr'>nomen</span> <span class='ocrx_word' id='word_1_267' title='bbox 831 2193 1020 2241; x_wconf 90' lang='lat' dir='ltr'>bonum</span> <span class='ocrx_word' id='word_1_268' title='bbox 1057 2210 1204 2258; x_wconf 91' lang='lat' dir='ltr'>quam</span> <span class='ocrx_word' id='word_1_269' title='bbox 1241 2193 1417 2240; x_wconf 86' lang='lat' dir='ltr'>divitiae</span> <span class='ocrx_word' id='word_1_270' title='bbox 1454 2193 1631 2240; x_wconf 82' lang='lat' dir='ltr'>multae.</span> <span class='ocrx_word' id='word_1_271' title='bbox 1673 2196 1732 2240; x_wconf 91' lang='lat' dir='ltr'>Et</span> <span class='ocrx_word' id='word_1_272' title='bbox 1762 2192 1969 2239; x_wconf 89' lang='lat' dir='ltr'>crudelis</span> <span class='ocrx_word' id='word_1_273' title='bbox 2001 2201 2072 2239; x_wconf 90' lang='lat' dir='ltr'>est</span> <span class='ocrx_word' id='word_1_274' title='bbox 2103 2193 2187 2256; x_wconf 91' lang='lat' dir='ltr'>qui</span> <span class='ocrx_word' id='word_1_275' title='bbox 2220 2191 2396 2238; x_wconf 86' lang='lat' dir='ltr'>samam</span> 
     </span>
     <span class='ocr_line' id='line_1_26' title="bbox 242 2273 2397 2339; baseline 0.001 -22"><span class='ocrx_word' id='word_1_276' title='bbox 242 2286 378 2318; x_wconf 88' lang='lat' dir='ltr'>suam</span> <span class='ocrx_word' id='word_1_277' title='bbox 402 2273 615 2336; x_wconf 87' lang='lat' dir='ltr'>negligit.</span> <span class='ocrx_word' id='word_1_278' title='bbox 636 2292 660 2318; x_wconf 76' lang='lat' dir='ltr'>n</span> <span class='ocrx_word' id='word_1_279' title='bbox 690 2274 751 2320; x_wconf 93' lang='lat' dir='ltr'>Hi</span> <span class='ocrx_word' id='word_1_280' title='bbox 779 2274 922 2321; x_wconf 88' lang='lat' dir='ltr'>etiam</span> <span class='ocrx_word' id='word_1_281' title='bbox 949 2284 1132 2338; x_wconf 89' lang='lat' dir='ltr'>quanto</span> <span class='ocrx_word' id='word_1_282' title='bbox 1161 2274 1322 2321; x_wconf 90' lang='lat' dir='ltr'>studio</span> <span class='ocrx_word' id='word_1_283' title='bbox 1353 2273 1638 2338; x_wconf 89' lang='lat' dir='ltr'>pudicitiam</span> <span class='ocrx_word' id='word_1_284' title='bbox 1669 2273 2089 2339; x_wconf 89' lang='lat' dir='ltr'>amplecterentur,</span> <span class='ocrx_word' id='word_1_285' title='bbox 2118 2282 2166 2320; x_wconf 91' lang='lat' dir='ltr'>et</span> <span class='ocrx_word' id='word_1_286' title='bbox 2201 2273 2250 2319; x_wconf 92' lang='lat' dir='ltr'>in</span> <span class='ocrx_word' id='word_1_287' title='bbox 2284 2289 2397 2319; x_wconf 89' lang='lat' dir='ltr'>om-</span> 
     </span>
     <span class='ocr_line' id='line_1_27' title="bbox 243 2350 2397 2420; baseline 0.001 -23"><span class='ocrx_word' id='word_1_288' title='bbox 243 2350 388 2399; x_wconf 91' lang='lat' dir='ltr'>nibus</span> <span class='ocrx_word' id='word_1_289' title='bbox 429 2370 535 2417; x_wconf 88' lang='lat' dir='ltr'>quae</span> <span class='ocrx_word' id='word_1_290' title='bbox 572 2364 772 2418; x_wconf 89' lang='lat' dir='ltr'>possent</span> <span class='ocrx_word' id='word_1_291' title='bbox 808 2354 1044 2403; x_wconf 87' lang='lat' dir='ltr'>obscenas</span> <span class='ocrx_word' id='word_1_292' title='bbox 1078 2355 1400 2420; x_wconf 86' lang='lat' dir='ltr'>turpitudines</span> <span class='ocrx_word' id='word_1_293' title='bbox 1441 2355 1784 2420; x_wconf 65' lang='lat' dir='ltr'>praevenirent,</span> <span class='ocrx_word' id='word_1_294' title='bbox 1822 2355 1872 2401; x_wconf 89' lang='lat' dir='ltr'>in</span> <span class='ocrx_word' id='word_1_295' title='bbox 1910 2353 2084 2401; x_wconf 90' lang='lat' dir='ltr'>eodem</span> <span class='ocrx_word' id='word_1_296' title='bbox 2121 2354 2397 2400; x_wconf 91' lang='lat' dir='ltr'>continetur</span> 
     </span>
     <span class='ocr_line' id='line_1_28' title="bbox 240 2432 2396 2501; baseline 0 -21"><span class='ocrx_word' id='word_1_297' title='bbox 240 2432 419 2481; x_wconf 78' lang='lat' dir='ltr'>libro⁴:</span> <span class='ocrx_word' id='word_1_298' title='bbox 448 2435 759 2499; x_wconf 75' lang='lat' dir='ltr'>«Virginius²⁵,</span> <span class='ocrx_word' id='word_1_299' title='bbox 798 2437 984 2501; x_wconf 90' lang='lat' dir='ltr'>inquit,</span> <span class='ocrx_word' id='word_1_300' title='bbox 1015 2436 1165 2484; x_wconf 88' lang='lat' dir='ltr'>filiam</span> <span class='ocrx_word' id='word_1_301' title='bbox 1198 2453 1335 2484; x_wconf 87' lang='lat' dir='ltr'>suam</span> <span class='ocrx_word' id='word_1_302' title='bbox 1370 2436 1420 2484; x_wconf 92' lang='lat' dir='ltr'>in</span> <span class='ocrx_word' id='word_1_303' title='bbox 1453 2436 1613 2485; x_wconf 87' lang='lat' dir='ltr'>forum</span> <span class='ocrx_word' id='word_1_304' title='bbox 1649 2435 1908 2483; x_wconf 87' lang='lat' dir='ltr'>deductam</span> <span class='ocrx_word' id='word_1_305' title='bbox 1937 2434 2141 2495; x_wconf 85' lang='lat' dir='ltr'>occidi-t,</span> <span class='ocrx_word' id='word_1_306' title='bbox 2177 2451 2236 2482; x_wconf 92' lang='lat' dir='ltr'>eo</span> <span class='ocrx_word' id='word_1_307' title='bbox 2262 2433 2396 2499; x_wconf 90' lang='lat' dir='ltr'>quod</span> 
     </span>
     <span class='ocr_line' id='line_1_29' title="bbox 243 2513 2395 2583; baseline 0 -22"><span class='ocrx_word' id='word_1_308' title='bbox 243 2513 471 2563; x_wconf 88' lang='lat' dir='ltr'>Claudius</span> <span class='ocrx_word' id='word_1_309' title='bbox 496 2525 717 2582; x_wconf 91' lang='lat' dir='ltr'>stuprum</span> <span class='ocrx_word' id='word_1_310' title='bbox 747 2518 849 2581; x_wconf 85' lang='lat' dir='ltr'>ejus</span> <span class='ocrx_word' id='word_1_311' title='bbox 873 2518 1123 2583; x_wconf 88' lang='lat' dir='ltr'>potestatis</span> <span class='ocrx_word' id='word_1_312' title='bbox 1144 2517 1328 2565; x_wconf 87' lang='lat' dir='ltr'>viribus</span> <span class='ocrx_word' id='word_1_313' title='bbox 1355 2517 1502 2565; x_wconf 89' lang='lat' dir='ltr'>fretus</span> <span class='ocrx_word' id='word_1_314' title='bbox 1524 2526 1783 2583; x_wconf 86' lang='lat' dir='ltr'>expeteret,</span> <span class='ocrx_word' id='word_1_315' title='bbox 1811 2516 2092 2582; x_wconf 83' lang='lat' dir='ltr'>pudicaeque</span> <span class='ocrx_word' id='word_1_316' title='bbox 2116 2532 2264 2580; x_wconf 90' lang='lat' dir='ltr'>quam</span> <span class='ocrx_word' id='word_1_317' title='bbox 2287 2531 2395 2562; x_wconf 91' lang='lat' dir='ltr'>cor·</span> 
     </span>
     <span class='ocr_line' id='line_1_30' title="bbox 241 2596 2396 2662; baseline 0 -21"><span class='ocrx_word' id='word_1_318' title='bbox 241 2605 393 2661; x_wconf 84' lang='lat' dir='ltr'>ruptae</span> <span class='ocrx_word' id='word_1_319' title='bbox 419 2613 522 2644; x_wconf 90' lang='grc'><strong>6556</strong></span> <span class='ocrx_word' id='word_1_320' title='bbox 547 2606 684 2662; x_wconf 89' lang='lat' dir='ltr'>pater</span> <span class='ocrx_word' id='word_1_321' title='bbox 713 2597 901 2645; x_wconf 87' lang='lat' dir='ltr'>maluit.</span> <span class='ocrx_word' id='word_1_322' title='bbox 926 2619 949 2642; x_wconf 74' lang='lat' dir='ltr'>J)</span> <span class='ocrx_word' id='word_1_323' title='bbox 976 2601 1095 2646; x_wconf 88' lang='lat' dir='ltr'>Item</span> <span class='ocrx_word' id='word_1_324' title='bbox 1121 2617 1132 2646; x_wconf 75' lang='lat' dir='ltr'><em>z</em></span> <span class='ocrx_word' id='word_1_325' title='bbox 1164 2617 1188 2644; x_wconf 87' lang='lat'>«</span> <span class='ocrx_word' id='word_1_326' title='bbox 1209 2598 1426 2646; x_wconf 90' lang='lat' dir='ltr'>Metellus</span> <span class='ocrx_word' id='word_1_327' title='bbox 1454 2615 1657 2645; x_wconf 84' lang='lat' dir='ltr'>uxorem</span> <span class='ocrx_word' id='word_1_328' title='bbox 1686 2615 1791 2662; x_wconf 85' lang='lat' dir='ltr'>quae</span> <span class='ocrx_word' id='word_1_329' title='bbox 1823 2598 1988 2645; x_wconf 90' lang='lat' dir='ltr'>vinum</span> <span class='ocrx_word' id='word_1_330' title='bbox 2012 2597 2211 2644; x_wconf 87' lang='lat' dir='ltr'>bibisset</span> <span class='ocrx_word' id='word_1_331' title='bbox 2236 2596 2396 2642; x_wconf 90' lang='lat' dir='ltr'>fustim</span> 
     </span>
     <span class='ocr_line' id='line_1_31' title="bbox 242 2675 2392 2743; baseline -0 -21"><span class='ocrx_word' id='word_1_332' title='bbox 242 2690 520 2739; x_wconf 89' lang='lat' dir='ltr'>percussam</span> <span class='ocrx_word' id='word_1_333' title='bbox 550 2677 818 2738; x_wconf 90' lang='lat' dir='ltr'>interemit,</span> <span class='ocrx_word' id='word_1_334' title='bbox 849 2679 962 2743; x_wconf 89' lang='lat' dir='ltr'>quia</span> <span class='ocrx_word' id='word_1_335' title='bbox 994 2695 1312 2743; x_wconf 78' lang='lat' dir='ltr'>quaecumque</span> <span class='ocrx_word' id='word_1_336' title='bbox 1343 2678 1519 2725; x_wconf 89' lang='lat' dir='ltr'>femina</span> <span class='ocrx_word' id='word_1_337' title='bbox 1543 2679 1645 2726; x_wconf 86' lang='lat' dir='ltr'>vini</span> <span class='ocrx_word' id='word_1_338' title='bbox 1674 2694 1815 2724; x_wconf 89' lang='lat' dir='ltr'>usum</span> <span class='ocrx_word' id='word_1_339' title='bbox 1848 2677 2164 2724; x_wconf 87' lang='lat' dir='ltr'>immoderate</span> <span class='ocrx_word' id='word_1_340' title='bbox 2194 2675 2392 2740; x_wconf 87' lang='lat' dir='ltr'>appetit,</span> 
     </span>
     <span class='ocr_line' id='line_1_32' title="bbox 242 2755 2390 2823; baseline 0 -22"><span class='ocrx_word' id='word_1_341' title='bbox 242 2755 498 2804; x_wconf 85' lang='lat' dir='ltr'>virtutibus</span> <span class='ocrx_word' id='word_1_342' title='bbox 516 2758 716 2820; x_wconf 89' lang='lat' dir='ltr'>januam</span> <span class='ocrx_word' id='word_1_343' title='bbox 736 2759 935 2818; x_wconf 91' lang='lat' dir='ltr'>claudit,</span> <span class='ocrx_word' id='word_1_344' title='bbox 961 2769 1009 2807; x_wconf 93' lang='lat' dir='ltr'>et</span> <span class='ocrx_word' id='word_1_345' title='bbox 1035 2759 1220 2807; x_wconf 92' lang='lat' dir='ltr'>delictis</span> <span class='ocrx_word' id='word_1_346' title='bbox 1242 2759 1410 2823; x_wconf 89' lang='lat' dir='ltr'>aperit.</span> <span class='ocrx_word' id='word_1_347' title='bbox 1435 2777 1457 2802; x_wconf 89' lang='lat'>»</span> <span class='ocrx_word' id='word_1_348' title='bbox 1487 2762 1634 2806; x_wconf 88' lang='lat' dir='ltr'>Item:</span> <span class='ocrx_word' id='word_1_349' title='bbox 1666 2777 1690 2803; x_wconf 90' lang='lat'>«</span> <span class='ocrx_word' id='word_1_350' title='bbox 1709 2758 1949 2822; x_wconf 87' lang='lat' dir='ltr'>Sulpicius</span> <span class='ocrx_word' id='word_1_351' title='bbox 1971 2773 2171 2805; x_wconf 87' lang='lat' dir='ltr'>uxorem</span> <span class='ocrx_word' id='word_1_352' title='bbox 2197 2755 2390 2816; x_wconf 88' lang='lat' dir='ltr'>dimisit,</span> 
     </span>
     <span class='ocr_line' id='line_1_33' title="bbox 245 2835 2396 2902; baseline 0 -20"><span class='ocrx_word' id='word_1_353' title='bbox 245 2835 381 2899; x_wconf 92' lang='lat' dir='ltr'>quod</span> <span class='ocrx_word' id='word_1_354' title='bbox 421 2852 528 2883; x_wconf 92' lang='lat' dir='ltr'>eam</span> <span class='ocrx_word' id='word_1_355' title='bbox 564 2838 720 2902; x_wconf 88' lang='lat' dir='ltr'>capite</span> <span class='ocrx_word' id='word_1_356' title='bbox 749 2848 916 2902; x_wconf 87' lang='lat' dir='ltr'>aperto</span> <span class='ocrx_word' id='word_1_357' title='bbox 954 2838 1069 2885; x_wconf 88' lang='lat' dir='ltr'>foris</span> <span class='ocrx_word' id='word_1_358' title='bbox 1105 2848 1375 2886; x_wconf 88' lang='lat' dir='ltr'>versantem</span> <span class='ocrx_word' id='word_1_359' title='bbox 1411 2847 1723 2900; x_wconf 85' lang='lat' dir='ltr'>cognoverat.</span> <span class='ocrx_word' id='word_1_360' title='bbox 1758 2838 1985 2885; x_wconf 88' lang='lat' dir='ltr'>Antistius</span> <span class='ocrx_word' id='word_1_361' title='bbox 2016 2853 2216 2885; x_wconf 79' lang='lat' dir='ltr'>uxorem</span> <span class='ocrx_word' id='word_1_362' title='bbox 2252 2851 2396 2900; x_wconf 87' lang='lat' dir='ltr'>repu-</span> 
     </span>
     <span class='ocr_line' id='line_1_34' title="bbox 245 2914 2395 2982; baseline 0 -20"><span class='ocrx_word' id='word_1_363' title='bbox 245 2914 411 2975; x_wconf 83' lang='lat' dir='ltr'>diavit,</span> <span class='ocrx_word' id='word_1_364' title='bbox 441 2916 576 2980; x_wconf 92' lang='lat' dir='ltr'>quod</span> <span class='ocrx_word' id='word_1_365' title='bbox 599 2917 730 2963; x_wconf 89' lang='lat' dir='ltr'>illam</span> <span class='ocrx_word' id='word_1_366' title='bbox 754 2918 803 2963; x_wconf 93' lang='lat' dir='ltr'>in</span> <span class='ocrx_word' id='word_1_367' title='bbox 830 2917 1028 2982; x_wconf 90' lang='lat' dir='ltr'>publico</span> <span class='ocrx_word' id='word_1_368' title='bbox 1054 2935 1167 2966; x_wconf 92' lang='lat' dir='ltr'>cum</span> <span class='ocrx_word' id='word_1_369' title='bbox 1197 2918 1407 2982; x_wconf 90' lang='lat' dir='ltr'>quadam</span> <span class='ocrx_word' id='word_1_370' title='bbox 1431 2917 1656 2966; x_wconf 89' lang='lat' dir='ltr'>libertina</span> <span class='ocrx_word' id='word_1_371' title='bbox 1677 2917 1859 2981; x_wconf 83' lang='lat' dir='ltr'>vulgari</span> <span class='ocrx_word' id='word_1_372' title='bbox 1885 2927 2068 2964; x_wconf 89' lang='lat' dir='ltr'>secreto</span> <span class='ocrx_word' id='word_1_373' title='bbox 2099 2917 2232 2982; x_wconf 89' lang='lat' dir='ltr'>loqui</span> <span class='ocrx_word' id='word_1_374' title='bbox 2263 2914 2395 2962; x_wconf 86' lang='lat' dir='ltr'>vide·</span> 
     </span>
     <span class='ocr_line' id='line_1_35' title="bbox 245 2995 2395 3064; baseline -0.001 -21"><span class='ocrx_word' id='word_1_375' title='bbox 245 3005 333 3043; x_wconf 89' lang='lat' dir='ltr'>rat.</span> <span class='ocrx_word' id='word_1_376' title='bbox 378 2997 694 3062; x_wconf 88' lang='lat' dir='ltr'>Sempronius</span> <span class='ocrx_word' id='word_1_377' title='bbox 731 3015 934 3045; x_wconf 89' lang='lat' dir='ltr'>uxorem</span> <span class='ocrx_word' id='word_1_378' title='bbox 971 2998 1178 3060; x_wconf 91' lang='lat' dir='ltr'>dimisit,</span> <span class='ocrx_word' id='word_1_379' title='bbox 1224 2998 1360 3064; x_wconf 89' lang='lat' dir='ltr'>quod</span> <span class='ocrx_word' id='word_1_380' title='bbox 1386 3015 1436 3046; x_wconf 90' lang='lat' dir='ltr'>se</span> <span class='ocrx_word' id='word_1_381' title='bbox 1460 2999 1714 3063; x_wconf 81' lang='lat' dir='ltr'>ignorante</span> <span class='ocrx_word' id='word_1_382' title='bbox 1756 2998 1900 3045; x_wconf 88' lang='lat' dir='ltr'>ludos</span> <span class='ocrx_word' id='word_1_383' title='bbox 1932 3007 2184 3064; x_wconf 88' lang='lat' dir='ltr'>spectaret.</span> <span class='ocrx_word' id='word_1_384' title='bbox 2215 3015 2239 3041; x_wconf 86' lang='lat'>»</span> <span class='ocrx_word' id='word_1_385' title='bbox 2269 2995 2395 3043; x_wconf 92' lang='lat' dir='ltr'>Proh</span> 
     </span>
     <span class='ocr_line' id='line_1_36' title="bbox 244 3076 2391 3141; baseline -0.001 -17"><span class='ocrx_word' id='word_1_386' title='bbox 244 3076 434 3141; x_wconf 83' lang='lat' dir='ltr'>pudor!</span> <span class='ocrx_word' id='word_1_387' title='bbox 472 3088 520 3125; x_wconf 91' lang='lat' dir='ltr'>et</span> <span class='ocrx_word' id='word_1_388' title='bbox 546 3079 726 3126; x_wconf 91' lang='lat' dir='ltr'>multos</span> <span class='ocrx_word' id='word_1_389' title='bbox 761 3079 1135 3127; x_wconf 89' lang='lat' dir='ltr'>christianorum</span> <span class='ocrx_word' id='word_1_390' title='bbox 1165 3080 1391 3127; x_wconf 86' lang='lat' dir='ltr'>novimus</span> <span class='ocrx_word' id='word_1_391' title='bbox 1424 3080 1723 3127; x_wconf 89' lang='lat' dir='ltr'>lenocinium</span> <span class='ocrx_word' id='word_1_392' title='bbox 1749 3079 1799 3126; x_wconf 90' lang='lat' dir='ltr'>in</span> <span class='ocrx_word' id='word_1_393' title='bbox 1835 3078 2067 3126; x_wconf 85' lang='lat' dir='ltr'>uxoribus</span> <span class='ocrx_word' id='word_1_394' title='bbox 2096 3084 2391 3126; x_wconf 88' lang='lat' dir='ltr'>exercentes.</span> 
     </span>
    </p>
   </div>
   <div class='ocr_carea' id='block_1_3' title="bbox 244 3273 2395 3382">
    <p class='ocr_par' dir='ltr' id='par_1_3' title="bbox 244 3273 2395 3382">
     <span class='ocr_line' id='line_1_37' title="bbox 289 3273 2395 3333; baseline -0 -17"><span class='ocrx_word' id='word_1_395' title='bbox 289 3286 295 3304; x_wconf 85' lang='lat'>¹</span> <span class='ocrx_word' id='word_1_396' title='bbox 313 3284 469 3328; x_wconf 80' lang='lat' dir='ltr'>Philipp.</span> <span class='ocrx_word' id='word_1_397' title='bbox 481 3308 490 3325; x_wconf 85' lang='lat'>,</span> <span class='ocrx_word' id='word_1_398' title='bbox 508 3273 579 3328; x_wconf 75' lang='lat' dir='ltr'>cap.</span> <span class='ocrx_word' id='word_1_399' title='bbox 600 3296 624 3328; x_wconf 86' lang='lat'>1,</span> <span class='ocrx_word' id='word_1_400' title='bbox 638 3297 670 3320; x_wconf 83' lang='lat' dir='ltr'>v.</span> <span class='ocrx_word' id='word_1_401' title='bbox 687 3291 739 3322; x_wconf 81' lang='lat'>23.</span> <span class='ocrx_word' id='word_1_402' title='bbox 753 3289 891 3322; x_wconf 72' lang='lat' dir='ltr'>-2VaL</span> <span class='ocrx_word' id='word_1_403' title='bbox 904 3288 1007 3332; x_wconf 57' lang='lat' dir='ltr'>Max„</span> <span class='ocrx_word' id='word_1_404' title='bbox 1027 3289 1085 3324; x_wconf 86' lang='lat' dir='ltr'>lib.</span> <span class='ocrx_word' id='word_1_405' title='bbox 1099 3289 1153 3331; x_wconf 89' lang='lat' dir='ltr'>lv,</span> <span class='ocrx_word' id='word_1_406' title='bbox 1168 3299 1240 3332; x_wconf 85' lang='lat' dir='ltr'>cap.</span> <span class='ocrx_word' id='word_1_407' title='bbox 1253 3298 1286 3323; x_wconf 86' lang='lat' dir='ltr'>v.</span> <span class='ocrx_word' id='word_1_408' title='bbox 1303 3307 1346 3314; x_wconf 96' lang='lat'><strong>—</strong></span> <span class='ocrx_word' id='word_1_409' title='bbox 1359 3278 1504 3333; x_wconf 62' lang='lat' dir='ltr'>¹³Prov„</span> <span class='ocrx_word' id='word_1_410' title='bbox 1525 3299 1595 3331; x_wconf 88' lang='lat' dir='ltr'>cap.</span> <span class='ocrx_word' id='word_1_411' title='bbox 1616 3298 1699 3332; x_wconf 83' lang='lat' dir='ltr'>xxu,</span> <span class='ocrx_word' id='word_1_412' title='bbox 1716 3298 1748 3323; x_wconf 81' lang='lat' dir='ltr'>v.</span> <span class='ocrx_word' id='word_1_413' title='bbox 1762 3290 1791 3324; x_wconf 89' lang='lat'>1.</span> <span class='ocrx_word' id='word_1_414' title='bbox 1804 3291 1864 3314; x_wconf 79' lang='lat'>—⁴</span> <span class='ocrx_word' id='word_1_415' title='bbox 1884 3289 1952 3323; x_wconf 85' lang='lat' dir='ltr'>Val.</span> <span class='ocrx_word' id='word_1_416' title='bbox 1971 3287 2137 3329; x_wconf 82' lang='lat' dir='ltr'>Max.,lib,</span> <span class='ocrx_word' id='word_1_417' title='bbox 2156 3284 2209 3324; x_wconf 87' lang='lat' dir='ltr'>VI,</span> <span class='ocrx_word' id='word_1_418' title='bbox 2225 3293 2295 3324; x_wconf 84' lang='lat' dir='ltr'>cap.</span> <span class='ocrx_word' id='word_1_419' title='bbox 2316 3291 2339 3315; x_wconf 83' lang='lat'>1.</span> <span class='ocrx_word' id='word_1_420' title='bbox 2353 3297 2395 3305; x_wconf 95' lang='lat'><strong>—</strong></span> 
     </span>
     <span class='ocr_line' id='line_1_38' title="bbox 244 3335 619 3382; baseline 0.016 -14"><span class='ocrx_word' id='word_1_421' title='bbox 244 3337 256 3356; x_wconf 80' lang='lat'>⁵</span> <span class='ocrx_word' id='word_1_422' title='bbox 271 3335 308 3369; x_wconf 89' lang='lat' dir='ltr'>ln</span> <span class='ocrx_word' id='word_1_423' title='bbox 324 3339 420 3371; x_wconf 70' lang='lat' dir='ltr'>editis</span> <span class='ocrx_word' id='word_1_424' title='bbox 437 3340 619 3382; x_wconf 64' lang='lat' dir='ltr'>Vergilius,</span> 
     </span>
    </p>
   </div>
  </div>
 </body>
</html>
