2638 3866
239 267 333 314 580
1025 266 1196 314 PETRI
1230 267 1544 315 ABAELARDI

231 367 360 426 pisset
374 397 385 419 ,
414 379 634 423 nunquam
669 364 850 424 amplius
886 365 1026 408 vivere
1051 377 1210 425 posset.
1249 367 1472 422 Similiter,
1504 369 1539 411 si
1571 369 1760 412 Christus
1784 368 1936 424 vellet,
1971 385 2120 413 omnes
2145 371 2247 415 alias
2275 383 2365 416 tam

230 431 496 474 infirmitates
518 429 708 488 corporis
729 445 858 488 quam
882 429 1131 474 affectiones
1153 432 1285 474 animi
1309 431 1587 492 deposuisset.

290 498 354 539 De
376 495 515 555 specie
538 510 709 553 quoque
728 495 801 538 illa
823 496 945 554 panis
967 507 1010 539 et
1029 497 1119 539 vini
1142 497 1379 552 dubitatur,
1406 500 1525 555 cujus
1541 499 1624 542 sit?
1646 499 1717 542 Ad
1738 499 1857 558 quod
1873 515 1974 543 sane
1995 500 2362 560 respondendum,

229 561 346 620 quod
361 562 499 620 ipsum
522 575 692 619 corpus,
716 571 893 620 propter
912 561 1139 605 horrorem
1156 562 1413 618 assumendi,
1438 579 1509 607 eas
1529 565 1575 607 in
1598 581 1642 608 se
1661 565 1821 608 formas
1842 565 2033 625 recipiat.
2049 566 2162 609 Nam
2179 566 2213 609 si
2230 582 2365 626 oppo-

229 638 370 678 natur,
395 625 528 684 quod,
548 641 602 667 ex
625 641 712 683 quo
729 625 837 669 illud
858 642 1012 687 corpus
1035 629 1244 682 assumsit,
1265 644 1486 688 nunquam
1507 630 1690 673 formam
1701 630 1811 672 illius
1827 630 2040 690 deposuit,
2058 641 2101 674 et
2121 631 2221 675 ideo
2238 631 2366 675 aliam

228 691 427 744 formam,
452 690 525 732 illa
546 706 637 733 non
657 691 864 751 deposita,
889 693 1050 736 habere
1072 709 1161 736 non
1180 705 1336 753 potest,
1362 694 1557 748 dicimus,
1583 697 1682 754 quia
1700 695 1807 738 sicut
1827 696 1945 755 quod
1968 695 2022 739 de
2045 696 2202 756 Spiritu
2218 708 2366 740 sancto

226 767 484 816 conceptum
512 767 598 810 est,
625 757 743 815 quod
765 758 911 801 clauso
932 769 1055 801 utero
1077 759 1251 802 intravit
1275 770 1319 802 et
1340 761 1492 815 exivit,
1517 761 1636 820 quod
1665 776 1792 820 super
1813 777 1942 820 aquas
1965 762 2222 814 ambulavit,
2248 761 2366 821 quod

226 822 378 864 clausis
405 822 546 878 januis
578 822 634 865 ad
658 822 887 883 discipulos
910 824 1106 879 intravit,
1133 824 1252 883 quod
1271 825 1400 868 simul
1429 837 1473 869 et
1493 826 1649 869 eodem
1670 837 1866 885 tempore
1887 827 1933 869 in
1963 827 2137 871 diversis
2156 826 2262 869 locis
2283 827 2365 869 ha-

224 887 366 938 betur,
402 888 524 941 sicut,
562 888 755 946 inquam,
790 890 884 932 haec
918 890 1065 932 omnia
1095 889 1151 936 ad
1181 891 1516 951 singularitatem
1543 892 1654 934 illius
1690 892 1880 951 corporis
1915 893 2097 936 attinent
2112 927 2122 943 ,
2161 892 2220 935 sic
2251 893 2366 935 istud

224 968 394 1012 quoque
410 988 420 1004 ,
453 952 573 1012 quod
605 953 790 997 diversas
813 955 937 997 simul
971 954 1103 998 habet
1125 955 1300 1000 formas.
1332 957 1376 999 Si
1397 958 1514 1000 enim
1533 958 1618 1000 hoc
1646 967 1710 1000 est
1732 957 2057 1012 admirandum,
2090 957 2366 1000 nihilominus

224 1018 564 1078 unumquodque
601 1019 782 1062 aliorum
812 1032 978 1063 constat
1009 1036 1098 1064 esse
1128 1021 1389 1082 stupendum
1404 1058 1414 1074 ‚
1450 1021 1567 1081 quod
1600 1023 1746 1065 omnia
1782 1022 1836 1066 de
1868 1038 1922 1065 eo
1960 1034 2060 1065 sunt
2093 1021 2362 1065 admiranda.

224 1084 386 1126 Manna
410 1100 581 1143 quoque
613 1085 739 1142 hujus
759 1087 850 1129 veri
871 1088 992 1146 panis
1014 1099 1326 1131 sacramentum
1354 1089 1562 1142 extitisse,
1588 1098 1734 1148 aperte
1754 1088 1999 1131 insinuavit.
2024 1090 2134 1131 Cum
2156 1086 2365 1147 siquidem

222 1149 317 1192 filiis
348 1150 478 1193 Israel
499 1166 658 1193 manna
681 1151 859 1210 plueret,
892 1153 1168 1203 admirantes,
1195 1154 1300 1212 quid
1322 1164 1450 1203 esset,
1477 1154 1660 1196 invicem
1683 1154 1963 1213 quaerebant:
1987 1154 2175 1204 manhu,
2199 1152 2247 1195 id
2268 1164 2332 1196 est
2352 1189 2362 1204 ‚

222 1215 326 1272 quid
351 1226 413 1259 est
433 1215 546 1259 hoc?
567 1215 736 1259 Eodem
758 1217 892 1260 modo
918 1219 990 1261 hic
1010 1234 1178 1279 semper
1199 1220 1331 1278 quaeri
1351 1229 1491 1279 potest
1517 1235 1527 1262 ε
1553 1218 1670 1274 Quid
1691 1229 1754 1262 est
1776 1219 1891 1262 hoc?
1913 1220 2082 1279 Quippe
2104 1234 2184 1261 nec
2205 1219 2364 1262 huma-

221 1295 325 1322 num
356 1282 574 1340 ingenium
604 1297 684 1324 nec
716 1282 861 1342 lingua
890 1283 1142 1343 depromere
1165 1284 1269 1344 quid
1299 1286 1367 1338 sit,
1404 1284 1531 1344 plene
1553 1283 1722 1328 sufficit.
1754 1284 1798 1327 Si
1827 1285 1944 1328 enim
1974 1284 2174 1327 nolumus
2203 1283 2361 1336 dicere,

220 1346 338 1404 quod
365 1346 476 1389 illius
499 1348 690 1406 corporis
712 1348 765 1390 sit
789 1349 882 1391 haec
903 1349 1065 1404 forma,
1089 1365 1313 1410 possumus
1335 1351 1433 1393 satis
1455 1349 1618 1405 dicere,
1643 1349 1761 1409 quod
1788 1350 1834 1392 in
1856 1365 1953 1393 aere
1976 1351 2029 1394 sit
2048 1349 2120 1392 illa
2146 1348 2285 1392 forma
2308 1349 2365 1392 ad

221 1412 555 1455 occultationem
592 1424 768 1472 propter
800 1414 1053 1473 praedictam
1087 1431 1260 1458 causam
1293 1416 1432 1459 carnis
1467 1427 1510 1458 et
1547 1416 1762 1476 sanguinis
1796 1426 2035 1469 reservata,
2081 1415 2189 1457 sicut
2226 1414 2364 1457 forma

219 1478 409 1520 humana
428 1479 474 1520 in
497 1493 594 1521 aere
618 1489 697 1532 est,
724 1480 898 1538 quando
923 1481 1098 1540 angelus
1124 1481 1171 1523 in
1190 1482 1368 1524 homine
1398 1492 1590 1541 apparet.
1623 1483 1688 1524 De
1716 1482 1824 1536 hoc,
1857 1479 1976 1540 quod
1996 1480 2254 1540 negligentia
2277 1480 2365 1522 mi-

221 1543 450 1586 nistrorum
483 1545 652 1587 evenire
688 1545 811 1595 solet,
848 1546 966 1604 quod
997 1547 1156 1590 scilicet
1183 1562 1326 1590 mures
1346 1546 1548 1590 videntur
1579 1546 1736 1590 rodere
1757 1547 1867 1590 etin
1895 1561 1971 1589 ore
2004 1556 2176 1605 portare
2209 1561 2365 1604 corpus

219 1608 339 1657 illud,
368 1610 501 1667 quaeri
522 1609 648 1653 solet.
674 1610 759 1653 Sed
782 1611 978 1662 dicimus,
1009 1611 1127 1670 quod
1147 1613 1262 1655 Deus
1283 1612 1390 1655 illud
1415 1628 1505 1655 non
1530 1612 1707 1655 dimittit
1722 1612 1799 1663 ibi,
1823 1623 1872 1654 ut
1895 1627 1920 1654 a
1940 1622 2030 1653 tam
2052 1612 2168 1670 turpi
2189 1610 2364 1653 animali

221 1684 452 1728 tractetur;
477 1674 553 1717 sed
575 1686 721 1718 tamen
742 1688 935 1719 remanet
957 1677 1017 1719 ibi
1038 1677 1176 1721 forma
1199 1678 1255 1722 ad
1276 1677 1582 1738 negligentiam
1599 1678 1892 1720 ministrorum
1908 1676 2224 1736 corrigendam.

277 1740 404 1783 Nunc
427 1740 481 1783 de
505 1739 694 1783 efficacia
711 1742 836 1798 hujus
855 1744 1108 1786 sacramenti
1129 1743 1367 1786 videamus.
1390 1743 1592 1786 Efficacia
1608 1744 1724 1786 enim
1745 1744 1870 1800 hujus
1890 1744 2028 1799 major
2050 1753 2093 1785 et
2114 1742 2265 1784 fortior
2281 1751 2362 1795 est,

220 1820 350 1863 quam
381 1806 554 1863 alicujus
576 1805 762 1860 alterius,
789 1808 887 1866 quia
909 1808 955 1850 in
983 1819 1148 1851 tantum
1173 1808 1414 1863 confirmat,
1441 1809 1560 1866 quod
1580 1809 1653 1867 qui
1676 1809 1831 1852 devote
1864 1808 2031 1867 accipit,
2057 1807 2264 1866 quamdiu
2285 1821 2364 1865 per

217 1869 510 1914 infirmitatem
541 1887 661 1914 suam
685 1872 823 1931 ipsum
848 1889 872 1915 a
896 1888 939 1916 se
966 1890 1057 1916 non
1079 1874 1216 1930 rejicit
1230 1909 1239 1924 ‚
1275 1874 1439 1917 nullam
1461 1873 1624 1916 diaboli
1652 1874 1936 1917 tentationem
1956 1873 2130 1932 patitur,
2164 1873 2262 1931 quia
2285 1886 2363 1930 per

216 1935 342 1991 hujus
364 1937 629 1980 eucharistiae
649 1938 971 1998 perceptionem
995 1938 1191 1982 diabolus
1211 1940 1394 1982 vincitur
1416 1950 1459 1982 et
1482 1938 1702 1998 religatur,
1726 1949 1770 1982 et
1790 1938 1890 1981 licet
1908 1939 1954 1980 in
1976 1953 2036 1992 se,
2059 1938 2133 1996 qui
2155 1936 2251 1979 talis
2271 1946 2333 1979 est
2346 1967 2358 1986 ,

217 2015 385 2060 semper
399 2001 412 2024 ¹
436 2003 610 2053 habeat,
637 2014 782 2047 tamen
804 2004 943 2063 ipsum
966 2020 1133 2064 semper
1150 2005 1302 2064 recipit
1323 2005 1424 2048 etin
1449 2020 1503 2049 eo
1524 2003 1817 2047 habitaculum
1840 2003 1957 2047 facit.

1049 2221 1293 2280 CAPUT
1359 2221 1524 2280 XXX.

983 2368 1042 2405 De
1079 2373 1319 2405 sacramento
1359 2363 1567 2406 unctionis.

274 2490 338 2532 De
374 2499 640 2533 sacramento
676 2491 889 2532 unctionis
922 2490 1160 2534 videndum
1193 2503 1338 2535 restat.
1377 2491 1608 2534 Sciendum
1635 2491 1780 2550 igitur,
1815 2492 1901 2533 hoc
1931 2500 2243 2532 sacramentum
2272 2503 2361 2531 esse

215 2555 407 2610 ejusdem
428 2555 490 2598 rei
512 2566 844 2609 sacramentum,
869 2554 989 2612 cujus
1011 2568 1055 2599 et
1084 2568 1398 2600 sacramentum
1422 2556 1580 2609 altaris,
1606 2557 1706 2614 quia
1727 2555 1846 2598 illam
1866 2555 2119 2597 unctionem
2149 2554 2297 2613 capitis
2319 2564 2362 2595 et

214 2621 510 2663 membrorum
535 2619 762 2680 significat,
799 2637 895 2680 quae
924 2631 1191 2664 sacramento
1217 2621 1358 2665 altaris
1379 2621 1653 2682 significatur.
1678 2621 1837 2664 Unctio
1866 2621 1982 2663 enim
2012 2620 2092 2662 ista
2118 2619 2226 2662 sicut
2246 2618 2359 2660 trina

215 2685 260 2726 in
282 2687 419 2745 capite
435 2686 672 2745 praecessit,
697 2687 756 2729 sic
772 2687 876 2729 etin
889 2686 1093 2729 membris
1105 2687 1391 2746 subsequitur.
1411 2688 1575 2730 Verum
1596 2687 1695 2746 quia
1716 2687 1801 2730 hoc
1822 2696 2135 2729 sacramentum
2159 2682 2358 2725 ultimum

217 2761 279 2791 est
302 2752 511 2805 omnium,
537 2762 580 2794 et
601 2753 721 2810 quasi
744 2753 1075 2807 consummatio,
1099 2752 1200 2795 ideo
1219 2753 1502 2814 praerogativa
1519 2751 1723 2811 quadam,
1746 2751 1847 2795 licet
1866 2752 1913 2794 in
1936 2751 2027 2793 aliis
2045 2750 2191 2793 unctio
2213 2748 2355 2791 conti-

216 2826 387 2870 nuatur,
409 2817 494 2859 hoc
515 2817 729 2860 unctionis
751 2829 1066 2861 sacramentum
1084 2819 1181 2875 jure
1205 2830 1398 2873 vocatur,
1425 2817 1544 2877 quod
1565 2817 1739 2876 quidem
1762 2819 1807 2860 in
1827 2817 1966 2878 capite
1988 2827 2134 2859 nostro
2156 2814 2324 2857 Christo
2343 2845 2354 2866 ,

216 2890 263 2920 ut
286 2879 447 2923 dictum
468 2892 547 2935 est,
580 2883 692 2925 trina
713 2884 944 2942 praecessit.
972 2883 1101 2927 Unde
1131 2894 1175 2926 et
1204 2885 1410 2937 Christus,
1446 2884 1493 2926 id
1523 2894 1601 2934 est,
1634 2883 1861 2926 chrismate
1897 2893 2064 2932 unctus,
2104 2880 2242 2923 dictus
2276 2888 2354 2921 est.

214 2943 310 3001 Ipse
341 2961 526 3005 namque
557 2946 654 2990 oleo
684 2948 887 3007 spirituali
915 2948 968 2990 ab
994 2950 1085 3008 ipsa
1113 2950 1396 3009 conceptione
1420 2960 1577 2992 unctus
1599 2948 1694 2991 fuit.
1716 2949 1847 2992 Unde
1867 2959 1910 2991 et
1930 2947 2119 2990 Christus
2144 2961 2154 2988 ε
2181 2943 2358 3003 Spiritus

215 3008 390 3051 Domini
420 3027 545 3070 super
567 3028 636 3055 me
650 3045 662 3066 ,
697 3029 749 3056 eo
773 3014 889 3072 quod
914 3015 1083 3056 unxerit
1102 3029 1172 3056 me
1199 3030 1209 3057 ε
1243 3014 1299 3057 ad
1322 3014 1667 3058 annuntiandum
1690 3015 1923 3058 mansuetis
1944 3012 2060 3055 misit
2079 3025 2165 3062 me,
2191 3019 2239 3051 ut
2261 3022 2356 3050 me-

215 3072 338 3116 derer
360 3077 565 3119 contritos
581 3076 738 3132 corde3
763 3090 807 3121 et
828 3090 985 3122 cetera.
1006 3079 1120 3121 Hinc
1139 3080 1269 3122 etiam
1287 3080 1512 3123 Psalmista
1532 3096 1542 3123 ι
1563 3079 1974 3136 Dilexistijustitiam
1996 3088 2039 3120 et
2060 3075 2187 3119 odisti
2202 3071 2357 3131 iniqui-

215 3147 372 3192 tatem,
408 3152 637 3199 propterea
668 3144 792 3185 unxit
813 3154 856 3186 te
877 3145 1009 3198 Deus,
1035 3155 1078 3186 et
1099 3155 1255 3188 cetera.
1283 3145 1438 3188 Postea
1472 3145 1673 3205 perunxit
1699 3144 1837 3186 Maria
1865 3143 1998 3204 pedes
2031 3143 2119 3197 ejus
2146 3140 2191 3181 in
2224 3136 2356 3180 domo

215 3201 397 3246 Simonis
430 3203 604 3264 leprosi,
642 3206 799 3250 deinde
834 3219 982 3267 caput,
1019 3209 1192 3266 quando
1229 3210 1489 3253 alabastrum
1516 3210 1628 3253 fudit
1660 3224 1787 3268 super
1822 3217 1951 3267 caput
1985 3207 2089 3262 ejus.
2128 3204 2216 3245 Has
2250 3201 2356 3244 duas

257 3352 287 3383 1.
311 3349 369 3383 Hic
385 3352 508 3392 aliquid
525 3353 638 3386 deesse
653 3353 796 3386 videtur.
