2638 3866
249 231 342 279 550
1050 223 1221 271 PETRI
1255 223 1570 272 ABAELARDI

249 341 407 377 tamen
440 329 531 376 sibi
564 328 767 374 invicem
817 342 904 391 per
940 324 1331 391 praedicationem
1378 341 1480 372 non
1511 324 1794 389 jungamus,
1831 334 1884 371 ut
1917 323 2137 372 videlicet
2169 322 2386 372 dicamus

249 415 435 458 Patrem
471 424 570 455 esse
602 406 955 472 paternitatem,
993 416 1040 453 et
1068 422 1095 453 e
1125 421 1376 453 converso.
1410 406 1460 453 Si
1490 406 1620 454 enim
1652 409 1789 454 Pater
1817 415 1941 453 esset
1961 404 2245 471 paternitaS,
2276 420 2388 468 pro-

247 491 372 537 fecto
395 505 451 536 ex
482 487 847 552 participatione
869 487 1016 534 Patris
1043 496 1166 534 esset
1195 485 1510 549 assignandus
1531 489 1681 540 Pater,
1709 495 1762 534 ut
1790 485 2012 533 videlicet
2043 485 2174 535 idem
2194 484 2386 550 penitus

247 577 384 626 esset,
420 564 629 629 aliquem
662 581 763 611 esse
797 581 911 611 eum
941 564 1023 627 qui
1058 572 1195 628 pater
1217 572 1305 622 est,
1339 572 1388 610 et
1411 579 1524 611 eum
1543 562 1724 611 habere
1758 565 1806 611 in
1834 579 1884 610 se
1906 562 2267 628 paternitatem,
2295 561 2391 608 hoc

247 656 316 693 est
346 661 458 691 eum
487 660 589 691 esse
610 654 822 709 patrem,
856 644 987 708 quod
1025 643 1229 691 omnino
1256 643 1427 691 falsum
1458 654 1543 691 est.
1567 644 1760 709 Quippe
1792 644 1915 691 sicut
1947 642 2079 691 aliud
2109 652 2181 689 est
2210 640 2390 706 aliquid

245 742 346 772 esse
381 725 432 773 id
466 724 600 789 quod
638 735 708 772 est
748 726 897 790 priuS,
931 724 1009 772 vel
1042 724 1090 772 id
1127 724 1261 789 quod
1298 734 1368 772 est
1401 734 1708 790 perpetuum,
1745 740 1894 788 quam
1927 725 2088 788 ipsum
2122 739 2223 770 esse
2258 722 2391 787 prius

245 805 321 852 vel
349 822 452 853 esse
474 815 792 871 perpetuum3
831 805 898 852 ibi
926 806 1107 870 quippe
1135 821 1211 852 res
1242 805 1479 866 formatae,
1514 804 1595 851 hic
1618 804 1783 851 formae
1802 804 1913 869 ipsae
1943 804 2263 870 praedicantur
2289 820 2300 849 :
2327 803 2393 851 ita

247 886 377 933 aliud
410 894 481 933 est
512 885 689 950 aliquid
728 902 827 933 esse
859 902 972 932 eum
1001 885 1083 950 qui
1110 894 1247 950 pater
1271 895 1368 948 est,
1404 902 1550 950 quam
1587 885 1747 951 ipsum
1784 901 1887 932 esse
1920 894 2108 949 patrem
2135 901 2146 930 ε
2172 883 2269 930 hoc
2292 892 2387 938 est,

247 966 379 1014 aliud
405 976 476 1014 est
500 967 660 1032 ipsum
683 983 784 1014 esse
813 983 926 1013 eum
951 966 1035 1030 qui
1056 964 1204 1014 habet
1227 967 1587 1031 paternitatem,
1617 982 1763 1030 quam
1791 966 1950 1030 ipsum
1975 963 2156 1012 habere
2181 963 2395 1028 paterni-

248 1056 411 1107 tatem,
448 1047 557 1094 licet
585 1047 706 1094 illud
735 1047 836 1094 sine
874 1047 971 1094 hoc
999 1063 1099 1093 non
1123 1048 1274 1112 possit
1301 1064 1420 1095 esse.
1447 1046 1543 1104 Qui
1575 1046 1736 1110 itaque
1757 1045 1875 1093 dicit
1901 1045 1963 1092 de
1992 1043 2155 1109 aliquo
2187 1043 2302 1107 quia
2323 1053 2393 1090 est

246 1137 398 1191 pater,
426 1127 778 1192 paternitatem,
806 1143 906 1174 non
934 1137 1121 1192 patrem
1148 1127 1390 1193 praedicat.
1423 1128 1471 1174 Si
1494 1142 1610 1173 vero
1639 1125 1819 1174 diceret
1840 1125 1953 1190 quia
1981 1134 2054 1171 est
2082 1125 2122 1171 is
2150 1124 2235 1188 qui
2256 1132 2394 1189 pater

245 1218 333 1268 est,
358 1208 454 1255 hoc
478 1218 549 1255 est
571 1208 655 1272 qui
677 1207 825 1255 habet
846 1209 1213 1273 paternitatem3
1237 1218 1352 1255 tunc
1374 1208 1542 1272 utique
1567 1217 1753 1272 patrem
1776 1207 1935 1272 ipsum
1958 1205 2256 1271 praedicaret.
2284 1207 2391 1252 Non

245 1298 314 1334 est
352 1289 511 1352 itaque
549 1291 687 1335 Pater
720 1289 1004 1353 paternitas,
1044 1306 1155 1336 cum
1184 1305 1241 1336 ex
1274 1288 1640 1354 participatione
1668 1287 1816 1352 patris
1851 1302 1953 1334 non
1988 1286 2048 1333 sit
2080 1283 2394 1349 assignandus

245 1378 403 1432 pater3
433 1368 517 1415 sed
549 1385 606 1415 ex
632 1368 1016 1433 participatione,
1049 1379 1104 1415 ut
1130 1368 1313 1416 dictum
1338 1377 1431 1425 est,
1457 1367 1772 1433 paternitatis.
1801 1366 1895 1414 Sed
1917 1382 2076 1431 neque
2101 1382 2129 1412 e
2159 1380 2394 1412 converso

246 1446 507 1509 paternitas
534 1455 604 1492 est
636 1449 793 1506 Pater,
828 1445 925 1493 hoc
956 1456 1027 1494 est
1057 1446 1243 1494 habens
1278 1446 1614 1511 paternitatem
1647 1454 1866 1509 respectu
1891 1443 1991 1490 Filii
2025 1443 2126 1504 sui,
2152 1459 2265 1490 cum
2292 1442 2395 1506 ipsa

248 1527 450 1574 omnino
485 1525 749 1573 substantia
776 1542 876 1572 non
908 1526 991 1587 sit,
1024 1536 1080 1573 ut
1110 1543 1167 1573 ex
1198 1526 1353 1591 seipsa
1379 1526 1550 1573 Filium
1577 1525 1770 1589 gignere
1791 1524 1967 1590 possit,
1993 1523 2077 1571 sed
2102 1523 2253 1588 magis
2283 1538 2396 1588 pro-

249 1607 426 1671 prietas
448 1605 617 1653 relatio
640 1605 914 1653 substantiae
936 1616 1022 1666 est,
1049 1622 1195 1671 quam
1219 1606 1500 1654 substantia.
1527 1605 1621 1653 Sed
1644 1606 1747 1652 haec
1770 1621 1903 1652 nunc
1925 1604 2052 1652 satis.

315 1682 541 1745 Superest
574 1690 737 1727 autem
768 1681 1028 1728 novissima
1062 1681 1280 1744 quaestio,
1316 1680 1568 1745 quomodo
1601 1680 1780 1727 scilicet
1811 1679 1940 1727 hanc
1977 1677 2124 1726 fidem
2156 1676 2396 1726 Trinitatis

250 1760 339 1807 soli
368 1761 623 1807 Christiani
647 1770 864 1822 teneant,
897 1771 944 1808 et
968 1777 1071 1807 non
1102 1761 1247 1808 etiam
1276 1761 1354 1807 vel
1383 1760 1534 1808 Judaei
1567 1761 1644 1807 vel
1674 1759 1902 1808 Gentiles·
1930 1761 2054 1807 Cum
2084 1757 2214 1806 enim
2238 1759 2396 1805 Deum

251 1858 352 1888 esse
387 1844 574 1888 Patrem
608 1851 654 1888 et
687 1841 858 1888 Filium
897 1850 945 1888 et
977 1841 1207 1906 Spiritum
1238 1851 1479 1902 sanctum,
1507 1840 1600 1887 tale
1629 1840 1705 1900 sit,
1750 1849 1805 1887 ut
1839 1839 2063 1899 diximus,
2099 1841 2258 1886 Deum
2295 1854 2397 1885 esse

251 1922 538 1981 Potentiam,
571 1931 625 1968 ut
649 1921 833 1968 dictum
860 1931 949 1980 est,
979 1931 1305 1984 generantem,
1331 1930 1378 1968 et
1403 1920 1696 1986 Sapientiam
1720 1919 1947 1983 genitam,
1975 1928 2023 1966 et
2046 1917 2396 1982 Benignitatem

251 2002 614 2066 procedentem,
652 2018 766 2049 cum
799 2001 930 2049 istud
958 2018 1103 2048 nemo
1127 2001 1361 2049 discretus
1383 2000 1621 2064 ambigat,
1649 2000 1748 2047 sive
1769 1999 1979 2056 Judaeus‚
2012 1998 2113 2045 sive
2143 1996 2346 2045 Gentilis
2378 2015 2391 2043 ε

249 2083 432 2130 nemini
463 2081 565 2129 haec
598 2081 718 2130 fides
757 2081 923 2129 deesse
946 2081 1160 2142 videtur3
1190 2081 1325 2146 quod
1356 2092 1405 2131 et
1431 2098 1522 2128 nos
1555 2080 1752 2145 quidem
1777 2078 2107 2137 concedimus,
2145 2086 2398 2142 sequentes

250 2163 535 2227 Apostolum
571 2163 657 2227 qui
683 2162 775 2209 ait¹
803 2180 813 2208 :
847 2162 1035 2220 «Quod
1068 2171 1241 2209 notum
1270 2171 1341 2209 est
1373 2162 1483 2222 Dei,
1524 2160 1829 2208 manifestum
1860 2169 1932 2207 est
1964 2158 2055 2206 illis
2079 2176 2091 2205 z
2118 2178 2142 2202 2>
2170 2174 2226 2204 ac
2253 2158 2294 2204 si
2324 2157 2398 2205 di-

250 2253 379 2291 ceret
402 2261 413 2290 :
441 2243 587 2301 Quod
608 2242 670 2290 ad
694 2242 993 2290 divinitatem
1014 2244 1223 2309 pertinet
1243 2243 1429 2291 ratione
1450 2242 1724 2308 percipiunt
1748 2259 1759 2287 ε
1784 2241 1898 2306 quia
1921 2239 2022 2287 haec
2048 2239 2109 2286 de
2131 2242 2236 2286 Deo
2261 2248 2398 2286 natu·

251 2324 411 2371 raliter
445 2326 566 2372 ratio
591 2341 987 2389 unumquemque
1019 2325 1209 2373 edocet.
1247 2324 1387 2372 Unde
1422 2334 1470 2372 et
1503 2324 1723 2389 superius
1752 2340 1867 2371 cum
1903 2320 2262 2368 Platonicorum
2293 2335 2399 2366 sen-

252 2405 425 2452 tentias
447 2404 508 2452 de
531 2404 690 2452 Verbo
714 2406 802 2452 Dei
826 2406 1117 2468 Augustinus
1141 2415 1468 2470 praesentaret,
1496 2405 1653 2452 solum
1677 2403 1811 2468 quod
1841 2402 1904 2450 ad
1930 2401 2227 2449 divinitatem
2250 2399 2399 2448 Verbi

252 2485 459 2549 pertinet
491 2502 541 2532 se
574 2485 623 2532 in
662 2486 730 2532 eis
750 2486 983 2550 reperisse
1015 2485 1336 2544 confirmavit,
1370 2496 1418 2532 et
1450 2484 1572 2531 nihil
1594 2484 1656 2531 de
1678 2482 2026 2530 Incarnationis
2057 2481 2312 2544 mysterio,
2346 2481 2395 2527 in

252 2583 352 2630 quo
392 2575 543 2614 totam
580 2565 744 2613 salutis
778 2566 1003 2615 humanae
1041 2582 1282 2614 summam
1315 2566 1576 2613 consistere
1613 2573 1800 2612 certum
1831 2573 1925 2623 est,
1963 2563 2065 2609 sine
2097 2577 2196 2625 quo
2226 2559 2397 2607 frustra

253 2656 410 2695 cetera
443 2647 723 2695 creduntur.
751 2648 905 2695 Facile
927 2657 1089 2695 autem
1113 2647 1337 2695 convinci
1358 2647 1556 2713 poterit,
1583 2662 1666 2693 eos
1691 2660 1887 2710 quoque
1916 2643 2001 2707 qui
2031 2650 2196 2689 nostra
2217 2640 2279 2688 de
2302 2639 2397 2689 fide

254 2727 401 2775 verba
433 2727 724 2788 abhorrent,
762 2746 876 2776 cum
913 2728 1137 2776 videlicet
1170 2727 1372 2776 audiunt
1408 2731 1564 2774 Deum
1601 2730 1789 2774 Patrem
1829 2734 1878 2772 et
1911 2726 2074 2771 Deum
2110 2722 2310 2782 Filium,
2345 2721 2395 2768 in

257 2824 448 2854 sensum
466 2808 729 2856 verborum
751 2808 893 2857 nobis
924 2826 1026 2857 esse
1049 2809 1353 2873 conjunctos.
1381 2811 1737 2871 Inter-rogemus
1765 2805 1895 2853 enim
1918 2820 2019 2862 eos,
2045 2803 2084 2850 si
2106 2800 2397 2867 Sapientiam

247 2887 335 2933 Dei
373 2888 597 2946 credant,
635 2889 696 2936 de
731 2904 827 2952 qua
862 2890 1094 2955 scriptum
1127 2892 1235 2949 est²,
1268 2888 1492 2936 «Omnia
1526 2889 1576 2935 in
1610 2886 1850 2952 Sapientia
1884 2884 2035 2931 fecisti
2063 2901 2073 2930 :
2105 2901 2130 2927 »
2159 2891 2204 2929 et
2236 2879 2395 2928 statim

247 2967 612 3030 respondebunt
634 2985 684 3015 se
706 2969 921 3017 credere.
949 2969 1214 3017 Inferamus
1237 2969 1413 3016 deinde
1436 2969 1780 3016 convenienter
1803 2982 1887 3013 eos
1905 2965 1954 3011 in
1974 2963 2072 3011 hoc
2094 2963 2201 3027 ipso
2223 2959 2395 3008 Filium

248 3047 338 3091 Dei
360 3046 481 3093 sicut
507 3058 554 3094 et
573 3064 663 3095 nos
687 3049 902 3110 credere,
928 3066 1040 3096 cum
1062 3066 1153 3096 nos
1175 3049 1399 3096 videlicet
1415 3048 1564 3096 ‚idem
1586 3046 1906 3110 intelligamus
1930 3060 2016 3109 per
2037 3041 2270 3099 Verbum,
2296 3039 2395 3087 sive

251 3140 337 3188 per
373 3125 543 3172 Filium
580 3128 697 3188 Dei,
743 3128 876 3191 quod
919 3129 986 3175 illi
1020 3145 1107 3194 per
1144 3129 1434 3193 Sapientiam
1474 3129 1579 3175 Dei.
1624 3126 1849 3190 Quisquis
1888 3133 2048 3171 autem
2082 3119 2254 3168 Filium
2293 3135 2395 3167 esse

292 3309 298 3327 ¹
315 3310 425 3348 Rom..
443 3318 517 3351 cap.
534 3319 561 3351 1,
578 3319 609 3345 v.
632 3312 680 3344 19.
703 3328 741 3335 —
759 3311 770 3330 ²
783 3310 913 3344 Psalm.
936 3320 1004 3352 cur,
1025 3321 1055 3345 v.
1071 3314 1126 3346 24.
