2638 3866
308 271 396 319 146
1100 265 1269 312 PETRI
1304 259 1620 311 ABAELARDI

301 371 482 419 arbitrii
503 368 716 416 libertate
741 359 1053 432 proveniunt,
1079 363 1327 430 praesentia
1348 372 1623 410 contuetur.
1650 364 1759 409 Haec
1781 355 1925 427 igitur
1947 362 2008 410 ad
2030 362 2254 410 intuitum
2279 363 2424 412 relata

300 451 532 509 divinum,
556 446 819 495 necessaria
841 444 963 492 fiunt
984 461 1070 509 per
1091 443 1422 492 conditionem
1446 442 1619 489 divinae
1641 442 1870 505 notionis,
1892 459 1979 509 per
2001 459 2051 490 se
2071 458 2189 490 vero
2207 443 2426 491 conside-

302 540 417 590 rata,
441 528 501 575 ab
515 526 732 574 absoluta
753 534 930 573 naturae
949 540 1043 571 suae
1056 523 1275 571 libertate
1298 538 1399 591 non
1417 521 1663 570 desinunt.
1686 542 1708 566 ›>
1734 525 1800 569 Ex
1817 522 1892 571 his
1910 521 2228 588 philosophiae
2246 521 2422 580 verbis,

302 620 397 656 tam
422 606 637 654 videlicet
659 605 720 653 de
742 604 959 652 absoluta
972 619 1117 668 quam
1136 603 1453 651 determinata
1469 603 1763 661 necessitate,
1788 602 2025 667 liquidum
2043 612 2112 651 est
2129 602 2261 667 quod
2284 617 2428 666 supra

299 688 621 747 distinximus3
660 686 843 750 singula
869 671 1089 732 videlicet
1118 700 1224 748 quae
1258 683 1487 732 eveniunt
1515 683 1783 731 necessario
1811 684 2002 731 evenire
2020 719 2034 744 ,
2067 684 2107 731 si
2128 682 2190 731 ad
2213 682 2428 738 divinam

301 768 560 815 referantur
590 765 972 820 Providentiam,
1014 763 1110 811 hoc
1147 773 1245 825 est,
1274 764 1544 811 necessario
1575 764 1791 825 evenire,
1828 779 1939 811 cum
1973 766 2103 812 Deus
2137 763 2204 810 ita
2236 762 2428 811 evenire

299 847 583 911 providerit;
609 846 692 894 sed
714 861 812 893 non
835 843 945 892 ideo
965 843 1243 910 simpliciter
1257 843 1433 891 debere
1447 843 1543 892 dici
1564 843 1698 908 quod
1722 840 2045 892 necessarium·
2063 845 2123 891 sit
2140 859 2198 892 ea
2214 843 2423 891 evenire.

301 928 392 974 Ubi
409 928 567 988 etiam,
584 943 695 974 cum
714 925 773 972 ad
791 934 1003 972 nostram
1024 940 1219 989 quoque
1242 925 1463 972 notitiam
1485 923 1792 990 philosophia
1808 924 1999 973 rediens
2015 924 2158 973 dixit:
2187 944 2210 967 <z
2228 922 2373 982 Quod
2390 923 2429 969 si

299 1007 505 1070 aliquem
524 1006 766 1055 ambulare
791 1006 938 1064 scias,
963 1021 1076 1052 eum
1099 1003 1350 1053 ambulare
1371 1021 1565 1053 necesse
1587 1015 1685 1067 est;
1706 1005 1841 1070 quod
1871 1006 2002 1053 enim
2029 1005 2231 1069 quisque
2264 1002 2424 1062 novit,

297 1087 347 1133 id
362 1103 460 1135 esse
475 1086 607 1135 aliter
628 1103 684 1135 ac
705 1095 876 1133 notum
898 1094 968 1132 est
992 1085 1176 1149 nequit,
1193 1094 1455 1150 »patenter
1470 1085 1681 1134 ostendit
1703 1101 2012 1152 nequaquam
2028 1085 2242 1133 divinam
2263 1082 2430 1130 Provi-

296 1167 504 1214 dentiam
539 1166 866 1214 necessitatem
890 1163 1140 1212 eventibus
1170 1181 1333 1213 rerum
1360 1165 1537 1214 inferre
1566 1166 1717 1231 magis
1748 1182 1894 1231 quam
1926 1175 2143 1214 nostram
2173 1162 2394 1211 notitiam
2412 1197 2425 1222 ,

295 1263 382 1294 nec
411 1246 478 1294 ibi
504 1248 650 1310 magis
672 1262 818 1311 quam
853 1243 934 1293 hic
967 1261 1025 1293 ex
1063 1244 1378 1294 determinata
1413 1247 1697 1295 necessitate
1717 1247 1854 1312 sequi
1883 1245 2170 1294 absolutam.
2198 1241 2429 1302 Quamvis

295 1328 421 1373 enim
437 1327 567 1374 hunc
592 1326 674 1391 qui
695 1325 909 1373 ambulat
928 1341 1120 1373 necesse
1141 1326 1202 1374 sit
1221 1324 1487 1389 ambulare,
1510 1343 1624 1374 cum
1647 1327 1796 1375 sciam
1814 1326 1891 1375 vel
1909 1325 2103 1374 videam
2123 1341 2237 1372 eum
2256 1322 2429 1371 ambu-

292 1406 386 1453 lare
400 1443 412 1467 ,
433 1423 521 1454 nec
545 1416 703 1453 tamen
723 1405 833 1453 ideo
853 1421 961 1453 mea
983 1406 1180 1453 scientia
1202 1406 1276 1454 vel
1295 1406 1424 1454 visus
1446 1407 1777 1455 necessitatem
1794 1405 2075 1455 ambulandi
2089 1405 2261 1453 inferat
2282 1404 2350 1463 ei,
2378 1411 2430 1450 ut

290 1487 563 1551 simpliciter
586 1486 679 1533 dici
708 1495 851 1549 queat
868 1523 880 1545 ,
906 1487 1018 1550 quia
1046 1502 1241 1534 necesse
1272 1496 1345 1534 est
1372 1502 1486 1535 eum
1509 1485 1785 1549 ambulare,
1804 1487 1901 1535 hoc
1921 1495 1992 1534 est
2007 1523 2021 1547 ‚
2047 1485 2319 1533 nullatenus
2342 1498 2430 1530 na—

291 1576 394 1613 tura
419 1568 519 1629 ejus
544 1566 772 1632 permittit
794 1576 847 1613 ut
874 1582 975 1613 non
997 1564 1239 1627 ambulet3
1265 1567 1329 1615 ita
1352 1577 1400 1615 et
1428 1584 1542 1615 cum
1569 1568 1826 1633 recipimus
1847 1567 1908 1615 de
1930 1564 2169 1631 quolibet,
2198 1564 2311 1628 quia
2344 1579 2429 1610 ue-

289 1663 417 1693 cesse
445 1656 514 1693 est
545 1647 702 1711 ipsum
737 1647 947 1706 evenire,
972 1662 1086 1694 cum
1109 1649 1239 1695 Deus
1264 1648 1531 1713 providerit
1559 1648 1636 1696 vel
1663 1649 1781 1696 sciat
1810 1647 1930 1695 illud
1951 1646 2166 1706 evenire,
2195 1660 2295 1692 non
2318 1643 2429 1691 ideo

290 1727 504 1790 cogimur
521 1726 734 1774 absolute
755 1727 984 1792 recipere,
1000 1726 1135 1792 quod
1150 1743 1343 1775 necesse
1357 1729 1416 1775 sit
1431 1728 1639 1776 evenire.
1663 1732 1780 1776 Nam
1801 1727 1889 1775 etsi
1901 1726 1963 1775 ad
1980 1726 2203 1773 notitiam
2216 1724 2430 1772 divinam

289 1807 592 1870 respiciamus
608 1841 623 1865 ‚
662 1807 727 1855 sic
762 1807 878 1855 illud
916 1808 1110 1855 evenire
1135 1807 1405 1856 videbimus
1427 1808 1695 1857 secundum
1715 1824 1851 1868 eam,
1887 1817 1939 1854 ut
1970 1815 2133 1872 posset
2155 1805 2300 1851 etiam
2327 1819 2428 1850 non

288 1887 493 1934 evenire.
520 1890 586 1934 Ita
605 1888 783 1953 quippe
817 1888 919 1953 ipse
953 1887 1072 1936 illud
1099 1888 1311 1953 providit
1333 1898 1382 1936 et
1403 1889 1540 1936 scivit
1561 1898 1847 1936 eventurum
1865 1904 1991 1946 esse,
2024 1896 2077 1934 ut
2107 1886 2251 1932 sciret
2286 1884 2430 1932 etiam

286 1966 550 2014 secundum
579 1967 949 2015 mutabilitatem
977 1977 1158 2016 naturae
1190 1985 1377 2029 rerum,
1407 1985 1550 2035 posse
1581 1985 1833 2034 nunquam
1860 1968 2077 2025 evenire;
2117 1965 2248 2012 unde
2285 1964 2428 2012 etiam

282 2046 415 2108 juxta
440 2046 651 2094 divinam
685 2048 1037 2097 Providentiam
1067 2048 1134 2096 sic
1170 2049 1398 2096 eveniunt
1435 2049 1648 2114 singula,
1685 2059 1740 2097 ut
1771 2049 1959 2114 possint
1989 2056 2151 2095 tamen
2178 2059 2431 2109 nunquam

286 2127 499 2187 evenire,
526 2129 640 2191 quia
665 2128 797 2176 nulla
833 2145 1006 2176 eorum
1030 2137 1201 2176 natura
1227 2128 1290 2176 ad
1319 2128 1416 2177 hoc
1441 2139 1494 2176 ut
1511 2129 1737 2177 eveniant
1761 2129 1865 2195 ipsa
1894 2126 2162 2193 compellit,
2189 2125 2276 2173 sed
2296 2139 2431 2189 aeque

284 2207 386 2269 ipsa
408 2207 596 2255 evenire
620 2218 667 2255 et
692 2225 792 2255 non
830 2209 1025 2256 evenire
1059 2209 1314 2273 permittit3
1354 2209 1570 2274 alioquin
1601 2209 1920 2258 immutabilia
1943 2217 2101 2256 essent
2130 2220 2431 2270 quaecunque
2454 2202 2458 2212 ’

286 2286 591 2334 immutabilis
617 2291 741 2334 Deus
763 2297 997 2347 creasset,
1025 2299 1073 2336 et
1106 2289 1181 2335 sui
1214 2289 1386 2336 similia
1409 2299 1582 2337 cuncta
1607 2290 1809 2337 fecisset.
1836 2289 1982 2348 Quod
2003 2304 2118 2335 vero
2154 2285 2433 2350 simpliciter

286 2381 564 2413 concessum
588 2377 657 2414 est
674 2404 686 2426 ,
712 2368 825 2432 quia
847 2368 981 2433 quod
1004 2367 1221 2433 providit
1245 2371 1398 2430 DeuS,
1426 2386 1620 2418 11666556
1644 2380 1715 2419 651
1737 2371 1953 2431 evenire,
1980 2369 2104 2416 sicut
2125 2377 2173 2415 et
2202 2383 2315 2414 eum
2348 2365 2433 2430 qui

286 2445 641 2508 praedestinatus
654 2457 741 2507 est,
761 2465 953 2496 necesse
964 2457 1034 2496 est
1047 2449 1237 2510 salvari,
1252 2449 1291 2496 si
1305 2448 1556 2513 diligenter
1573 2466 1767 2497 sensum
1781 2449 2102 2509 attendamus,
2121 2446 2435 2494 determinata

290 2534 359 2571 est
379 2527 627 2573 necessitas
639 2528 790 2591 magis
803 2544 950 2592 quam
967 2527 1206 2576 absoluta.
1224 2528 1335 2576 Tale
1349 2530 1530 2594 quippe
1550 2540 1638 2590 651,
1662 2539 1716 2577 111
1731 2545 1876 2595 supra
1895 2528 2228 2576 meminimus:
2251 2545 2273 2569 ε(
2288 2524 2435 2583 Quod

289 2605 495 2667 providit
514 2608 654 2667 Deus,
674 2624 867 2655 11666556
887 2617 958 2655 651
971 2609 1181 2670 evenire,
1198 2628 1220 2652 »
1238 2609 1335 2656 vel:
1357 2628 1380 2654 «
1399 2609 1792 2657 Praedestinatum
1816 2625 2009 2657 necesse
2032 2617 2105 2655 651
2125 2605 2315 2665 salvari,
2334 2623 2359 2650 »
2377 2621 2435 2652 ac

291 2684 328 2729 si
354 2683 586 2732 diceretur
614 2687 724 2749 quia
749 2687 867 2734 illud
890 2704 1083 2735 necesse
1116 2698 1186 2736 est
1210 2705 1324 2736 cum
1347 2690 1407 2736 sit
1433 2691 1708 2755 provisum,
1734 2690 1838 2749 vel,
1863 2689 2008 2736 istum
2033 2687 2204 2735 salvari
2227 2701 2340 2732 611111
2373 2685 2435 2732 511

292 2764 669 2827 praedestinatus3
691 2766 902 2831 alioquin
926 2769 1127 2816 omnino
1151 2768 1322 2816 falsum
1343 2778 1430 2831 est,
1458 2770 1549 2817 nisi
1564 2769 1786 2817 videlicet
1803 2770 1869 2817 ita
1887 2768 2195 2832 intelligatur.

357 2845 676 2900 Quaerendum
698 2846 904 2911 denique
922 2848 1137 2908 videtur,
1157 2859 1322 2898 utrum
1343 2866 1419 2899 res
1442 2851 1625 2916 possint
1647 2850 1783 2898 aliter
1802 2851 1993 2898 evenire
2015 2864 2162 2913 quam
2175 2850 2305 2895 Deus
2325 2861 2431 2910 pro-

296 2921 427 2967 vidit.
459 2923 602 2979 Quod
635 2925 830 2988 quidem
865 2927 902 2973 si
939 2937 993 2975 ut
1026 2945 1194 2976 verum
1219 2946 1486 2995 ponamus,
1522 2931 1711 2979 videtur
1737 2930 2004 2979 necessario
2034 2927 2268 2992 consequi
2297 2924 2432 2990 quod

298 3003 424 3047 Deus
450 3001 545 3049 falli
564 3004 736 3067 possit,
767 3005 901 3067 juxta
919 3007 1048 3055 illam
1071 3009 1283 3073 regulam
1306 3028 1316 3056 :
1341 3010 1486 3074 Cujus
1508 3011 1736 3076 possibile
1760 3021 1830 3059 est
1853 3009 2165 3068 antecedenS,
2191 3016 2240 3054 et
2261 3021 2432 3053 conse-

296 3097 464 3143 quens.
492 3083 667 3128 Verum
689 3084 866 3148 quippe
890 3096 980 3146 est,
1007 3088 1257 3153 inquiunt,
1283 3091 1418 3155 quod
1455 3091 1494 3138 si
1530 3107 1603 3138 res
1639 3091 1798 3139 evenit
1822 3090 1957 3139 aliter
1992 3104 2138 3153 quam
2169 3090 2299 3134 Deus
2320 3101 2431 3150 pro-

297 3159 439 3220 vidit,
464 3162 591 3207 Deus
614 3160 810 3223 fallitur3
831 3180 978 3227 quare
992 3167 1029 3213 si
1044 3169 1271 3232 possibile
1294 3180 1365 3217 est
1387 3186 1489 3218 rem
1514 3170 1648 3217 aliter
1670 3171 1863 3218 evenire
1880 3185 2026 3234 quam
2050 3171 2180 3215 Deus
2200 3164 2428 3232 providit,

297 3238 520 3303 possibile
544 3249 614 3286 est
635 3242 788 3286 Deum
811 3241 922 3290 salli.
953 3245 1023 3292 Ad
1046 3248 1177 3310 quod
1205 3250 1404 3312 quidem
1433 3250 1780 3316 respondemus
1817 3249 1950 3314 quod
1992 3248 2094 3295 haec
2131 3246 2427 3312 propositiO,

302 3318 529 3367 possibile
552 3329 622 3367 est
653 3336 754 3366 rem
778 3323 966 3369 evenire
999 3324 1133 3373 aliter
1156 3344 1301 3391 quam
1322 3333 1448 3379 Deus
1472 3330 1705 3396 providit,
1727 3329 1874 3378 habet
1897 3329 2020 3377 duos
2054 3344 2218 3376 sensus
2239 3345 2248 3373 :
2279 3342 2429 3374 unum
