2638 3866
912 211 968 258 ΙΝ
1006 211 1330 259 EPlSTOLAM
1366 214 1445 260 AD
1478 212 1779 261 ROMANOS.
2314 217 2399 263 341

276 315 529 364 cessariam
546 322 595 360 et
615 310 995 360 consolationem
1015 311 1361 375 scripturarum
1383 313 1621 378 apposuit.
1650 315 1770 360 Cum
1794 324 1953 362 antem
1978 314 2027 361 in
2054 314 2254 362 exordio
2274 316 2416 381 hujus

281 393 501 461 Epistolae
513 390 801 459 praedixisset
815 406 1010 438 omnem
1023 390 1305 456 scripturam
1320 391 1533 440 divinam
1551 401 1633 440 aut
1646 391 1821 440 docere
1834 404 1915 441 aut
1934 411 2128 442 movere
2146 395 2410 455 intendere,

280 473 530 540 quomodo
553 488 685 520 nunc
707 470 838 532 dicit,
868 489 891 515 «
909 487 1210 535 quaecunque
1247 472 1423 536 scripta
1463 481 1573 518 sunt
1608 471 1668 519 ad
1702 482 1914 520 nostram
1941 474 2212 523 doctrinam
2242 478 2415 542 scripta

281 555 454 604 esse?»
476 553 570 602 Sed
592 551 807 619 profecto
843 566 899 598 ea
932 551 1077 598 etiam
1109 567 1215 616 quae
1248 550 1510 600 admonent
1544 552 1605 599 ad
1634 552 1906 600 doctrinam
1936 555 2110 620 scripta
2142 566 2271 618 sunt,
2313 574 2411 604 non

281 635 478 701 quidem
502 643 557 681 ut
592 630 795 681 doceant
827 630 965 696 quod
996 630 1106 690 fiat,
1148 631 1234 679 sed
1273 640 1326 678 ut
1356 631 1576 679 doctrina
1610 631 1872 679 efficaciam
1908 633 2148 695 habeant,
2184 636 2233 684 id
2262 646 2332 684 est
2362 647 2412 684 ut

283 715 481 781 implere
506 713 706 761 velimus
739 710 873 776 quod
908 710 1066 759 edocti
1108 727 1291 758 sumus.
1331 715 1502 759 «Deus
1533 722 1711 773 autem,
1731 731 1753 756 n
1779 713 1830 759 id
1853 722 1923 760 est
1943 714 2063 761 sicut
2084 715 2296 764 Christus
2318 734 2417 765 non

282 796 461 861 placuit
482 793 590 854 sibi,
605 791 688 841 sed
700 795 821 853 De0,
835 807 927 839 nec
947 792 1195 857 propriam
1218 791 1435 856 gloriam,
1466 792 1548 839 sed
1576 793 1723 839 Patris
1743 794 1885 856 quaesi
1894 794 1956 840 vit
1980 811 1990 840 :
2022 795 2125 842 «ita
2149 797 2248 860 ipse
2270 800 2415 858 Deus,

282 875 418 940 cujus
448 883 519 922 est
540 883 587 921 et
607 871 883 938 patientiam
908 880 955 918 et
979 870 1362 919 consolationem
1384 872 1512 933 dare,
1540 872 1621 919 det
1641 871 1779 919 vobis
1800 871 2008 937 idipsum
2031 890 2197 939 sapere
2224 876 2273 923 in
2297 878 2419 924 alte-

283 965 489 1014 rutrum,
519 975 541 998 >2
570 953 619 1000 id
644 962 713 1000 est
736 953 861 999 inter
888 967 976 999 vos
1003 951 1100 999 hoc
1123 968 1354 1017 quaerere,
1384 962 1437 999 ut
1458 951 1578 999 alter
1600 951 1735 999 alteri
1766 951 1951 1017 placeat
1985 953 2032 1000 in
2069 953 2273 1013 bonum,
2306 977 2327 999 a
2349 974 2420 1005 se-

283 1035 498 1083 cundum
522 1037 682 1083 Jesum
704 1032 965 1092 Christum,
988 1051 1011 1077 »
1036 1033 1087 1080 id
1100 1043 1187 1093 est,
1212 1019 1330 1097 ejus,
1359 1043 1411 1080 ut
1426 1033 1609 1081 dictum
1625 1043 1713 1095 est,
1738 1034 1974 1099 exemplo,
2006 1055 2029 1078 ι(
2046 1045 2098 1082 ut
2112 1038 2375 1097 unanimes,
2398 1059 2420 1083 η

283 1115 334 1163 id
356 1125 425 1163 est
448 1114 768 1163 communiter
803 1122 903 1160 tam
932 1112 1111 1160 infirmi
1151 1115 1201 1161 in
1230 1113 1325 1160 fide
1363 1129 1509 1178 quam
1532 1113 1674 1174 firmi,
1700 1114 1931 1161 concordi
1969 1135 1992 1160 «
2025 1133 2108 1162 ore
2139 1136 2161 1159 ³)
2201 1117 2418 1179 laudetis,

283 1216 312 1241 α
332 1198 528 1244 Deum»
563 1195 623 1242 de
657 1193 985 1242 misericordia
1014 1193 1190 1242 scilicet
1212 1193 1557 1259 redemptionis
1584 1202 1755 1241 nostrae
1793 1211 1880 1258 per
1917 1194 2088 1243 Filium
2122 1214 2261 1245 suum
2282 1197 2421 1246 nobis

281 1275 512 1324 exhibita.
534 1276 674 1324 Unde
695 1285 743 1322 et
760 1290 874 1322 cum
894 1273 1091 1322 dixisset
1106 1277 1281 1335 Deum,
1307 1274 1439 1321 addit
1465 1273 1706 1334 eumdem,
1738 1283 1784 1322 et
1811 1278 2035 1323 «Patrem
2057 1278 2254 1325 Domini
2276 1282 2424 1326 nostri

259 1416 261 1418 Ι
284 1359 393 1404 Jesu
416 1356 608 1404 Christi.
633 1374 656 1401 »
680 1355 775 1414 Qui
798 1371 898 1402 non
923 1354 1080 1402 solum
1092 1354 1155 1402 ad
1169 1353 1369 1419 gloriam
1383 1370 1536 1415 suam,
1555 1354 1638 1402 sed
1656 1354 1717 1402 ad
1730 1343 1945 1402 nostram
1958 1357 2100 1404 etiam
2114 1358 2424 1406 salvationem

279 1437 464 1485 habere
480 1437 641 1486 ·talem
671 1436 823 1483 filium
858 1435 1102 1499 gloriatur,
1140 1445 1191 1482 ut
1220 1452 1304 1500 per
1326 1452 1439 1482 eum
1458 1436 1601 1483 etiam
1623 1445 1787 1482 noster
1810 1435 1869 1482 sit
1891 1446 2043 1500 pater,
2069 1439 2153 1502 qui
2177 1438 2422 1487 descendit

286 1534 497 1582 quaerere
529 1518 710 1564 fratres.
754 1536 777 1559 «
799 1518 995 1581 Propter
1028 1515 1180 1580 quod,
1203 1534 1225 1559 »
1252 1525 1304 1563 ut
1326 1515 1547 1563 videlicet
1570 1515 1635 1563 ita
1656 1516 1978 1564 communiter
2001 1517 2061 1565 ab
2086 1519 2314 1566 omnibus
2338 1519 2425 1565 ho-

286 1596 565 1645 norificetur
587 1599 733 1654 Deus,
762 1596 1063 1661 «suscipite»
1084 1612 1173 1643 vos
1196 1596 1420 1656 invicem,
1447 1595 1497 1642 id
1521 1605 1707 1642 estnon
1730 1595 1923 1659 abjiciat
1950 1598 2022 1644 vel
2046 1609 2290 1663 exasperet
2312 1598 2428 1646 alter

286 1677 507 1739 alterum,
535 1678 620 1725 sed
640 1661 733 1742 'qui
751 1676 937 1724 firmior
960 1686 1032 1724 est
1061 1677 1111 1723 in
1146 1675 1242 1724 fide
1278 1686 1420 1741 atque
1449 1676 1720 1742 perfectior,
1756 1675 2003 1724 infirmum
2031 1677 2219 1726 toleret.
2256 1682 2313 1726 Et
2337 1679 2428 1729 hoc

286 1758 507 1823 exemplo
530 1757 703 1805 Christi
727 1757 889 1818 facite,
917 1757 1001 1820 qui
1022 1773 1113 1804 nos
1138 1755 1307 1803 videns
1332 1765 1378 1803 et
1404 1755 1536 1803 durae
1554 1756 1749 1803 cervicis
1771 1773 1872 1803 non
1890 1757 2046 1820 solum
2069 1758 2288 1806 infirmos
2315 1760 2424 1821 fide,

286 1837 371 1884 sed
403 1847 623 1885 mortuos
654 1838 703 1883 in
732 1835 1012 1883 infidelitate
1046 1852 1146 1883 non
1177 1835 1378 1901 repulit,
1421 1835 1506 1883 sed
1546 1837 1779 1900 suscepit;
1818 1837 1969 1884 immo
2015 1839 2159 1886 etiam
2195 1841 2335 1887 traxit
2368 1842 2428 1889 ad

282 1917 653 1980 glorificandum
684 1919 841 1963 Deum
876 1916 1054 1964 scilicet
1088 1926 1137 1963 et
1169 1915 1483 1977 laudandum,
1510 1925 1609 1963 tam
1632 1915 1692 1963 de
1715 1926 1880 1964 nostra
1907 1917 2085 1977 scilicet
2114 1921 2427 1967 conversione

286 2013 433 2062 quam
451 1997 513 2044 de
535 1997 740 2044 aliorum
758 2012 847 2061 per
870 2013 978 2043 nos.
1011 2015 1034 2040 «
1050 1996 1320 2042 Ministrum
1344 1995 1486 2043 fuisse
1508 1996 1906 2056 circumcisionis,
1927 1997 2016 2044 «id
2042 2008 2112 2045 est
2132 2001 2157 2044 J
2162 1999 2426 2058 udaeorum‚

288 2076 463 2140 quibus
491 2077 603 2124 solis
633 2093 721 2141 per
751 2077 1059 2141 semetipsum
1084 2075 1391 2140 praedicando
1427 2075 1627 2122 verbum
1661 2075 1767 2121 vitae
1802 2077 2099 2138 ministravit,
2138 2079 2260 2126 sicut
2292 2089 2339 2126 et
2361 2081 2429 2145 ip-

289 2166 439 2204 semet
457 2157 522 2203 ait
536 2159 547 2181 ¹
566 2174 577 2202 ε
602 2174 625 2201 «
645 2159 752 2203 Non
763 2173 880 2202 :sum
896 2156 1067 2202 missus
1079 2156 1171 2202 nisi
1192 2155 1254 2202 ad
1269 2171 1385 2202 oves
1395 2172 1500 2219 quae
1512 2155 1759 2219 perierunt
1774 2155 1948 2202 domus
1970 2157 2127 2203 lsrael.
2146 2177 2169 2201 »
2192 2178 2214 2200 «
2235 2161 2431 2223 Propter

292 2237 536 2284 veritatem
566 2236 672 2296 Dei,
695 2254 718 2279 υ
744 2235 797 2282 id.
824 2245 894 2282 est
923 2245 975 2281 ut
995 2235 1253 2299 promissio
1270 2237 1359 2282 Dei
1375 2236 1674 2292 consisteret,
1709 2235 1793 2298 qui
1812 2235 2078 2300 specialiter
2098 2247 2144 2283 et
2163 2237 2432 2302 frequenter

291 2316 358 2363 eis
374 2333 425 2363 se
444 2316 632 2363 mittere
645 2315 931 2363 salvatorem
948 2310 1248 2381 promiserat.
1262 2318 1322 2362 Et
1346 2315 1438 2362 hoc
1462 2325 1531 2362 est
1543 2314 1677 2379 quod
1700 2314 1862 2362 subdit
1890 2335 1914 2359 ‹<
1931 2317 1993 2364 ad
2014 2317 2385 2377 confirmandas,
2407 2341 2427 2361 »

292 2395 341 2442 id
354 2405 425 2443 est
438 2406 492 2443 ut
507 2395 654 2443 firmae
666 2405 715 2442 et
730 2395 1026 2443 inconcussae
1041 2405 1355 2460 permaneant
1380 2395 1722 2459 promissiones
1741 2394 1831 2442 illae
1847 2397 2054 2461 antiquis
2068 2398 2283 2463 patribus
2303 2399 2432 2447 facta*

291 2475 352 2523 de
377 2475 567 2523 Christo
591 2477 660 2523 eis
679 2475 935 2523 mittendo.
961 2475 1127 2523 Voluit
1160 2475 1289 2522 enim
1318 2474 1589 2523 debitorem
1620 2492 1669 2522 se
1706 2476 1856 2523 teneri
1888 2478 2234 2540 promittendo,
2273 2490 2323 2526 ut
2356 2497 2431 2526 so-

293 2555 421 2603 lutor
453 2555 589 2603 fieret
619 2555 948 2622 propitiando.
1739 2606 1745 2608 6

361 2656 384 2679 «
400 2639 578 2684 Gentes
599 2646 777 2684 autem.
799 2657 823 2680 2)
853 2641 915 2683 Ac
938 2637 979 2683 si
1004 2636 1184 2684 diceret
1205 2654 1214 2682 :
1235 2636 1356 2683 Dico
1374 2636 1618 2684 Christum
1637 2636 1925 2696 ministrum,
1946 2647 2061 2696 etc.,
2084 2639 2168 2686 sed
2190 2649 2236 2686 et
2256 2642 2431 2685 Gentes

293 2715 433 2776 dico,
473 2715 722 2777 subaudis,
765 2736 788 2760 «
820 2733 963 2781 super
998 2715 1328 2763 misericordia
1348 2734 1372 2759 »
1410 2715 1499 2761 sibi
1534 2733 1561 2761 a
1597 2718 1699 2762 Deo
1743 2716 1959 2779 impensa
1978 2752 1989 2774 ,
2027 2719 2264 2782 praecipue
2306 2735 2433 2766 nunc

273 2805 275 2807 ’
298 2815 321 2838 ι(
341 2794 583 2842 honorare
611 2799 786 2843 Deum.
811 2816 835 2840 >2
862 2797 958 2853 Qui
994 2795 1216 2843 videlicet
1240 2803 1423 2856 quanto
1449 2793 1653 2858 amplius
1677 2793 1793 2840 olim
1812 2810 1898 2858 per
1922 2794 2242 2844 idololatriam
2280 2813 2305 2845 a
2330 2799 2432 2845 Deo

294 2875 468 2922 remoti
489 2875 694 2934 fuerant,
714 2885 855 2922 ‘tanto
876 2891 1009 2922 nunc
1031 2875 1094 2922 ad
1117 2873 1301 2921 cultum
1322 2874 1409 2920 Dei
1433 2873 1603 2936 majori
1626 2874 1765 2937 copia
1792 2875 2252 2940 propinquaverunt,
2280 2888 2332 2924 ut
2353 2878 2433 2924 ubi

295 2954 558 3002 abundavit
580 2964 851 3020 peccatum,
878 2952 1293 3019 superabundaret
1324 2963 1371 3000 et
1402 2953 1657 3018 gratia.‘Et
1685 2963 1800 3001 nota
1830 2955 1965 3018 quod
1993 2957 2209 3022 superius
2238 2967 2435 3023 propter

295 3035 664 3098 promissionem
685 3034 858 3082 Judaeis
881 3034 1055 3082 factam
1079 3050 1180 3081 non
1211 3043 1309 3081 tam
1339 3033 1718 3081 misericordiam
1740 3033 1856 3081 dixit
1879 3051 2023 3098 quam
2049 3037 2268 3085 debitum
2294 3038 2431 3085 intel-

297 3114 425 3161 lexit.
470 3117 523 3162 In
563 3114 799 3162 Gentibus
836 3131 950 3162 vero
994 3123 1129 3162 tanto
1173 3114 1346 3162 rectius
1390 3113 1767 3161 misericordiam
1792 3115 1999 3176 vocavit,
2029 3127 2209 3180 quanto
2246 3119 2312 3165 eis
2348 3135 2436 3182 pro

269 3286 275 3293 ’
345 3301 351 3319 ·
369 3299 580 3342 Matih.,cap.
593 3309 650 3341 xv,
666 3310 696 3334 v.
714 3303 768 3335 24.
