2638 3866
772 191 832 239 ΙΝ
866 190 1195 238 EPISTOLAM
1230 192 1311 240 AD
1346 192 1650 242 ROMANOS.
2194 199 2292 246 255

134 297 194 346 ad
215 299 450 344 Joannem
471 293 620 353 enim,
640 291 724 356 qui
740 291 1082 357 interpretatur
1105 293 1254 357 gratia
1279 294 1386 354 Dei,
1414 293 1463 341 id
1483 280 1571 352 est,
1588 292 1650 341 ad
1664 302 1853 359 tempus
1868 295 2026 359 gratia¹
2046 296 2298 360 singularis

135 377 371 426 adventus
390 373 593 433 Christi,
619 373 693 421 lex
731 382 778 420 et
810 371 1076 437 Prophetae.
1114 373 1260 432 Quod
1296 373 1494 438 quidem
1531 383 1722 440 tempus
1750 375 1875 422 sicut
1909 376 1957 422 in
1993 377 2204 442 Epistola
2236 376 2305 424 acl

138 458 362 507 Hebraeos
381 457 483 522 ipse
505 462 857 503 commemorat
880 453 1178 519 Ap0s101us¹,
1207 454 1268 503 de
1290 456 1561 503 mutatione
1593 455 1773 503 scilicet
1794 458 2101 519 Testamenti,
2131 458 2179 506 id
2206 468 2295 519 est,

139 538 412 587 deinteritu
425 536 608 585 Veteris
627 544 674 582 et
690 533 936 581 nativitate
949 535 1090 595 Novi,
1105 536 1347 584 Dominus
1366 553 1454 602 per
1473 537 1765 584 Hieremiam
1784 538 2295 602 promiseratdicens²z

143 640 167 666 «
187 622 310 667 Ecce
328 618 430 666 dies
453 618 673 673 veniunt,
699 614 814 662 dicit
833 615 1088 676 Dominus,
1130 626 1263 664 etc.»
1291 617 1623 665 Continuatio.
1663 617 1772 664 Dixi
1800 634 1891 664 nos
1920 618 2021 681 jam
2062 637 2162 667 non
2198 637 2300 668 esse

140 700 232 749 sub
255 701 377 764 lege,
403 715 495 746 nec
506 703 607 765 Jam
628 705 740 763 post
762 696 1007 744 Christum
1030 713 1135 744 eam
1161 697 1305 746 nobis
1330 715 1433 746 esse
1455 698 1774 746 necessariam
1808 699 2066 748 insinuavi.
2087 704 2183 748 Nec
2205 701 2302 748 boc

141 779 583 848 quidemmirabile
602 778 756 827 videri
779 777 937 826 debet.
966 779 1108 838 Quia,
1155 799 1178 823 ε(
1203 779 1427 845 nunquid
1460 779 1692 844 ignoratis
1734 778 1919 842 fratres,
1955 802 1977 825 »
2006 782 2055 829 id
2083 792 2169 843 est,
2202 799 2301 829 non

140 862 290 912 credo
313 862 449 928 quod
470 861 716 927 ignoretis,
738 879 762 906 κ
781 860 893 925 quia
916 860 991 908 lex
1013 860 1064 907 in
1088 860 1289 909 homine
1310 860 1606 923 dominatur,
1628 880 1653 906 »
1674 860 1725 908 id
1745 872 1833 924 est,
1861 863 1905 909 ei
1922 861 1985 910 ab
2008 862 2208 910 homine
2232 872 2302 910 est

142 943 492 1007 obediendum,
517 942 735 1009 quandiu
757 942 859 1009 ipsa
882 942 1023 1005 vivit,
1049 941 1101 990 id
1130 952 1223 1005 est,
1248 951 1353 991 toto
1376 952 1597 1009 tempore
1619 942 1754 1007 quod
1780 943 1824 990 ei
1853 960 1879 991 a
1912 944 2124 992 Domino
2148 943 2304 1010 praefi-

142 1025 300 1074 nitum
315 1035 386 1074 est
399 1035 447 1073 et
468 1041 768 1084 concessum,
796 1034 849 1071 ut
871 1024 973 1088 ejus
992 1022 1271 1072 obedientia
1290 1024 1445 1072 valeat
1465 1034 1513 1072 et
1534 1024 1720 1090 integre
1742 1024 1791 1071 in
1815 1024 1929 1090 ipsis
1959 1026 2104 1073 etiam
2131 1024 2305 1090 figura·

141 1105 268 1154 libus
292 1106 541 1173 praeceptis
562 1104 877 1154 custodiatur.
901 1103 1048 1163 Quod
1070 1114 1231 1153 autem
1254 1105 1539 1171 interponit,
1566 1125 1590 1148 ι(
1609 1104 1874 1153 scientibus
1887 1114 2049 1153 autem
2063 1107 2257 1171 loquor,
2281 1125 2304 1151 »

141 1186 194 1235 id
218 1197 308 1249 est,
333 1188 474 1236 vobis
505 1188 587 1254 qui
606 1188 761 1252 legem
779 1185 1069 1252 jamdudum
1093 1179 1327 1236 didicistis
1354 1206 1364 1235 :
1394 1186 1608 1235 ostendit
1628 1186 1758 1234 hanc
1780 1187 2108 1234 invectionem
2135 1187 2198 1235 ad
2223 1204 2307 1235 eos

143 1269 310 1333 quidex
327 1269 504 1330 Judaeis
526 1267 848 1331 crediderant,
870 1267 1141 1334 specialiter
1167 1278 1402 1335 spectare,
1432 1268 1493 1316 de
1519 1267 1696 1332 quibus
1728 1268 1865 1333 quasi
1891 1284 2087 1316 causam
2121 1268 2202 1316 hic
2238 1269 2308 1315 in·

142 1351 350 1413 terserit,
375 1350 511 1415 quod
533 1350 583 1399 id
605 1350 741 1416 quod
763 1350 881 1398 dicit
901 1366 1004 1397 non
1027 1350 1269 1415 ignorent,
1296 1353 1412 1415 quia
1431 1351 1587 1414 legem
1599 1349 1891 1410 didicerunt,
1907 1365 2015 1415 quae
2036 1349 2132 1397 hoc
2143 1350 2304 1412 docet,

145 1439 336 1497 tempus
353 1431 576 1480 videlicet
592 1449 699 1480 eam
715 1431 898 1479 habere
919 1431 1188 1497 praefixum,
1222 1431 1298 1480 vel
1320 1448 1349 1480 a
1368 1435 1473 1479 Deo
1497 1430 1888 1488 determinatum,
1917 1441 1969 1477 ut
1992 1448 2092 1478 non
2119 1447 2309 1496 semper

145 1520 200 1558 ut
223 1512 409 1561 dictum
433 1523 504 1561 est
523 1514 667 1576 vivat,
699 1514 820 1561 sicut
838 1514 1091 1580 supposito
1119 1513 1369 1561 Hieremiae
1397 1512 1670 1560 testimonio
1703 1511 2038 1572 confirmatur,
2074 1512 2174 1559 sive
2206 1512 2311 1561 aliis

144 1594 330 1641 Veteris
345 1595 636 1642 Testamenti
657 1594 792 1642 locis.

215 1693 240 1720 «
260 1677 382 1722 Nam
412 1692 535 1740 quae.
560 1694 583 1720 »
615 1675 804 1723 Probat>
824 1676 1119 1741 competenti
1154 1673 1486 1736 similitudine,
1514 1673 1631 1739 quia
1662 1673 1739 1721 lex
1772 1688 1831 1720 eo
1866 1682 2086 1738 tempore
2120 1683 2311 1722 tantum

147 1771 246 1820 quo
275 1756 393 1803 vivit
421 1756 664 1804 dominari
697 1756 844 1805 habet
873 1755 1060 1822 populo
1084 1755 1322 1820 subjecto,
1359 1756 1473 1821 quia
1505 1766 1553 1803 et
1575 1755 1648 1803 vir
1670 1753 1873 1820 quilibet
1902 1755 2041 1802 uxori
2074 1754 2166 1802 sibi
2200 1755 2311 1803 alli—

145 1845 267 1901 gatae
287 1853 390 1884 non
422 1836 570 1885 habet
592 1837 866 1885 dominium
891 1838 984 1885 nisi
1015 1836 1134 1885 dum
1169 1838 1302 1885 vivit.
1332 1839 1390 1884 Et
1412 1837 1511 1884 hoc
1534 1846 1605 1885 est
1629 1855 1640 1884 ε
1671 1856 1694 1879 «
1716 1838 1838 1883 Nam
1863 1853 1970 1901 quae
1997 1835 2089 1884 sub
2112 1837 2217 1885 viro
2241 1846 2311 1884 est

146 1918 337 1981 mulier,
358 1938 379 1964 »
407 1920 458 1968 id
490 1932 560 1969 est
590 1922 634 1969 ei
669 1931 904 1987 tanquam
928 1921 1166 1987 superiori
1196 1921 1424 1987 copulata
1447 1930 1544 1981 est,
1575 1937 1677 1968 «eo
1699 1920 1890 1968 vivente
1915 1919 2102 1984 alligata
2127 1930 2197 1968 est
2218 1921 2310 1986 legi

147 2000 314 2065 ipsius,
334 2019 357 2046 »
380 2001 523 2049 idest
539 2002 633 2067 legi
651 2003 877 2063 maritali,
903 2012 958 2050 ut
980 2002 1205 2050 videlicet
1226 2002 1307 2049 alii
1330 2001 1516 2050 nubere
1532 2019 1634 2049 non
1657 2002 1826 2067 possit.
1859 2020 1883 2050 ,α
1906 2004 2032 2065 Ergo
2056 2002 2263 2061 vivente,
2285 2021 2307 2046 n

147 2080 260 2145 quia
284 2081 462 2129 scilicet
481 2082 670 2147 alligata
693 2094 764 2131 est
780 2084 845 2131 ita
867 2083 960 2149 legi
983 2083 1296 2131 matrimonii.
1326 2104 1348 2126 (ε
1363 2086 1530 2148 Itaque
1554 2083 1777 2130 fratres.»
1799 2083 2094 2130 Praemissam
2120 2082 2315 2147 adaptat

149 2161 300 2209 modo
324 2162 715 2227 similitudinem,
740 2165 905 2212 dicens
934 2185 957 2208 α
986 2174 1034 2212 et
1061 2165 1149 2227 ita,
1174 2185 1196 2208 >2
1225 2165 1276 2212 id
1301 2174 1409 2225 est„
1429 2162 1848 2230 quemadmodum
1871 2180 1961 2211 vos
1985 2164 2068 2228 qui
2091 2164 2314 2229 primitus

149 2243 242 2307 legi
268 2243 499 2291 vivebatis
522 2262 609 2310 per
633 2245 962 2294 obedientiam
1000 2246 1044 2294 ei
1076 2245 1307 2311 subjecti,
1335 2245 1517 2293 mortui
1545 2246 1648 2309 jam
1672 2244 1782 2292 facti
1806 2245 1917 2292 estis
1951 2245 1995 2292 ei
2023 2261 2110 2310 per
2139 2261 2316 2310 corpus

150 2323 344 2386 Christi,
370 2324 422 2371 id
446 2335 535 2386 est,
561 2343 648 2391 per
672 2327 828 2392 ipsam
852 2327 1159 2392 praesentiam
1179 2327 1390 2375 veritatis
1413 2326 1463 2373 in
1484 2325 1678 2374 Christo
1701 2325 1842 2373 vobis
1864 2325 2157 2385 exhibitam3
2183 2326 2318 2389 cujus

151 2403 352 2469 quidem
381 2405 594 2454 veritatis
624 2407 798 2455 umbra
829 2408 880 2455 in
910 2407 1021 2471 lege.
1037 2408 1295 2472 praecessit.
1328 2410 1590 2472 Postquam
1627 2406 1758 2453 enim
1795 2422 1870 2453 res
1893 2406 1997 2471 ipsa
2031 2407 2178 2465 venit,
2213 2422 2319 2470 quae

150 2500 240 2550 per
260 2501 312 2533 se
334 2485 525 2550 sufficit,
550 2487 652 2551 jam
674 2498 880 2536 non-est·
895 2505 1020 2555 opus
1045 2487 1208 2554 figuris
1232 2487 1343 2546 illis,
1371 2504 1479 2553 quae
1501 2489 1552 2535 in
1576 2488 1767 2552 signum
1785 2486 1854 2534 rei
1877 2486 2045 2533 futurae
2068 2503 2318 2551 praecesse-

151 2576 292 2626 runt,
331 2577 378 2615 et
401 2568 453 2615 in
477 2585 562 2633 spe
584 2578 776 2617 tantum
798 2570 926 2617 illius
948 2569 1247 2617 venerabiles
1279 2570 1603 2628 aestimantur,
1633 2586 1696 2617 ne
1725 2569 1765 2616 si
1788 2578 1836 2615 et
1858 2567 2020 2631 figurae
2044 2567 2134 2614 iltae
2159 2567 2318 2615 adhuc

151 2659 532 2712 perseverarent,
561 2649 724 2698 adhuc
747 2661 1106 2717 exspectaretur
1127 2651 1345 2699 futurum
1370 2650 1507 2716 quod
1529 2650 1630 2714 jam
1654 2649 2068 2715 est-praeteritt1m3
2097 2659 2144 2696 et
2168 2648 2318 2696 Judaei

154 2728 215 2775 de
250 2745 336 2776 sua
373 2729 534 2778 adhuc
575 2741 812 2780 vetustate
850 2733 1110 2797 gloriantes
1145 2743 1320 2781 nostrae
1351 2732 1638 2779 insultarent
1671 2731 1900 2791 novitati,
1941 2740 1988 2777 et
2020 2730 2225 2795 amplius
2256 2730 2318 2778 de

155 2809 384 2874 operibus
415 2811 530 2876 ipsis
562 2828 707 2876 quam
736 2813 798 2860 de
826 2813 924 2861 fide
944 2814 1121 2862 Christi
1155 2813 1380 2860 nonnulli
1412 2812 1732 2867 confiderent,
1768 2827 1917 2875 quam
1952 2811 2056 2857 sine
2091 2810 2319 2876 operibus

154 2890 354 2938 minime
393 2891 611 2940 sufficere
661 2893 946 2955 crederent„
972 2894 1254 2942 Notandum
1289 2910 1406 2941 vero
1444 2892 1578 2958 quod
1626 2908 1740 2938 cum
1772 2891 1908 2955 juxta
1954 2891 2318 2939 similitudinem

155 2969 429 3031 inductam,
470 2975 840 3022 convenientius
878 2974 1155 3023 dicendum>
1180 2974 1429 3022 videretur
1464 2975 1620 3037 legem
1659 2971 1803 3019 nobis
1850 2972 1995 3019 fuisse
2035 2982 2281 3020 mortuam
2303 3010 2315 3034 ,

157 3066 305 3115 quam
342 3069 431 3100 nos
462 3053 555 3118 legi
582 3071 592 3100 :
622 3054 735 3119 quia
770 3065 931 3103 tamen
965 3055 1136 3103 eadem
1171 3066 1242 3103 est
1277 3055 1541 3110 sententia,
1570 3054 1638 3101 nil
1673 3052 1816 3100 refert
1842 3053 1942 3100 sive
1976 3052 2072 3100 hoc
2104 3054 2203 3101 sive
2236 3053 2319 3101 illo

160 3132 310 3181 modo
334 3134 537 3182 dicatur.
569 3155 591 3181 «
612 3138 678 3183 Ut
701 3136 802 3184 sitis
831 3136 1052 3197 alterius,
1074 3157 1098 3182 »
1124 3136 1176 3185 id
1199 3146 1270 3184 est
1295 3136 1498 3198 Christi,
1527 3136 1630 3200 ejus
1653 3143 1843 3183 tantum
1867 3133 2154 3184 obedientiae
2178 3145 2322 3200 atque

211 3318 221 3337 ¹
235 3317 351 3358 Hebr„
368 3328 440 3361 cap.
468 3330 501 3353 x.
519 3339 557 3346 -—
581 3323 591 3342 ²
605 3321 740 3362 Jerem.‚
758 3333 831 3365 cap.
852 3332 943 3365 xxxt,
962 3333 991 3358 v.
1012 3326 1067 3357 38.
